2820 4688
522 417 711 480 ..5-

58 607 217 685 βαστάζουσι
247 607 406 684 Συρακόσιοι
436 607 505 684 μέσα
531 607 615 683 δοῦρα
643 640 679 648 -
712 607 740 664 ἐν
766 605 788 665 δ’
814 605 903 672 αὐτοῖς
930 605 1022 685 Ἱέρων
1054 607 1184 674 ζώννοται

57 705 212 779 (76-81).
249 705 349 775 Neque
369 705 443 762 enim
457 709 517 762 tum
530 705 653 777 primum
671 709 722 762 aut
736 705 908 778 Syracusani
927 708 1064 777 quassant
1083 703 1183 762 hastas

57 809 110 860 aut
123 802 211 860 Hiero
226 799 331 860 bellum
344 805 437 874 parat,
460 801 510 860 sed
523 801 581 859 iam
599 806 685 860 antea
699 805 799 859 contra
810 800 956 860 Romanos
970 805 1181 874 pugnauerant;

57 899 116 955 et'
107 914 137 955 rn
159 913 255 955 eorum
277 897 433 957 amicitiam
452 902 586 971 receptus
607 898 678 956 nihil
691 897 753 957 fere
768 898 876 971 grande
897 898 932 956 de
953 915 1004 956 suo
1024 894 1077 955 rex
1098 897 1183 955 moli-

57 999 140 1051 turus
170 999 226 1060 est,
259 994 310 1052 sed
340 995 411 1052 satis
441 994 560 1053 habebit
580 995 722 1059 Romanos
753 995 833 1066 sequi
864 999 951 1066 atque
981 993 1077 1053 facere
1108 1009 1182 1066 quae

56 1076 271 1163 imperaverint.
870 1111 872 1115 ’

139 1185 200 1245 Si
191 1188 244 1258 ugit
245 1204 281 1245 ur
231 1187 437 1246 tBelochio
459 1190 696 1260 obtemperamus,
718 1188 903 1247 Theocritum
923 1203 1014 1260 neque
1035 1186 1185 1260 prudenti·

58 1299 137 1342 orem
157 1283 303 1342 reddimus
317 1301 408 1356 neque
428 1302 523 1343 rerum
547 1285 726 1357 publicarum
740 1285 913 1357 peritiorem.
955 1285 1031 1344 Nam
1051 1299 1076 1341 a
1093 1281 1183 1350 acela

58 1382 89 1438 in
110 1380 233 1437 omnium
253 1396 350 1438 rerum
370 1384 449 1439 statu
468 1385 528 1438 tam
548 1380 662 1439 turbido
683 1380 780 1453 inepte
800 1379 920 1440 Gratias
941 1397 1008 1439 suas
1028 1380 1182 1450 Musasque

58 1477 285 1536 commendasset
305 1477 426 1536 Hieroni
446 1477 544 1537 multis
564 1478 633 1537 belli
654 1478 778 1550 negotiis
798 1478 930 1550 curisque
952 1479 1101 1549 occupato.

139 1575 233 1645 Quare
255 1590 318 1632 cum
332 1574 378 1632 vir
397 1574 447 1632 ille
468 1574 568 1632 doctus
582 1573 708 1634 Vahleni
727 1580 900 1647 argumenta
919 1591 976 1633 non
991 1571 1184 1644 redarguerit,

57 1672 119 1743 ipse
150 1676 247 1729 autem
282 1687 383 1730 causas
413 1672 566 1743 protulerit
596 1687 652 1729 non
683 1671 860 1744 probandas,
897 1676 975 1730 certe
1007 1677 1104 1742 nemo,
1138 1668 1184 1727 cui

57 1766 207 1826 Vahlenus
232 1767 292 1825 suis
318 1767 498 1840 argumentis
523 1769 682 1840 persuasit,
710 1769 843 1827 Belochii
864 1768 1059 1843 disputatione
1081 1784 1099 1824 a
1119 1782 1185 1824 sen·

56 1864 151 1922 tentia
171 1880 224 1921 sua
245 1863 410 1922 deducetur.
433 1896 469 1906 -

137 1959 266 2018 Transeo
287 1976 360 2018 nune
387 1962 425 2019 ad
446 1977 559 2020 carmen
579 1961 673 2032 XVIl,
705 1959 779 2033 quod
804 1961 970 2020 inscribitur
991 1958 1125 2035 ἐγκώμιον
1148 1957 1186 2020 εἰς

58 2056 236 2133 Πτολεμαῖον.
278 2047 496 2116 Proficiscamur
517 2076 536 2117 a
555 2075 611 2118 uss.
637 2059 692 2117 128
713 2075 788 2130 sqq.:

258 2169 337 2234 αὐτός
357 2169 378 2229 τ’
400 2170 496 2247 ἴφθιμα
516 2169 538 2229 τ’
559 2169 668 2250 ἄλοχος,
690 2174 738 2234 τᾶς
758 2168 828 2234 οὔτις
849 2169 945 2248 ἀρείων

260 2267 372 2345 νυμφίον
393 2268 421 2326 ἐν
444 2267 580 2347 μεγάροισι
598 2268 665 2343 γονὰ
685 2266 850 2346 περιβάλλεέ
873 2266 987 2343 ἀγοστῷ,

258 2365 290 2424 ἐκ
311 2364 401 2442 θυμοῦ
422 2365 559 2444 στέργοισα
580 2364 736 2442 κασίγνητόν
756 2388 787 2424 τε
808 2365 882 2424 πόσιν
902 2386 941 2424 τε.

59 2478 262 2551 Intellegentia
286 2480 376 2553 igitur
406 2486 450 2540 est
479 2481 617 2554 Arsinoe,
652 2480 812 2539 Ptolemaei
838 2480 870 2538 11
901 2476 1084 2550 Philadelphi
1114 2492 1187 2534 uxor

58 2579 203 2649 posterior
223 2576 377 2648 eademque
391 2594 473 2636 soror
493 2595 528 2636 ex
541 2577 649 2636 eisdem
669 2578 836 2651 parentibus
850 2580 928 2646 nata,
950 2591 1035 2648 quam
1055 2590 1107 2632 rex
1120 2578 1186 2647 post

58 2673 185 2745 priorem
216 2674 366 2747 Arsinoen,
398 2674 565 2748 Lysimachi
595 2673 697 2746 filiam,
733 2673 879 2732 dimissam
909 2673 938 2730 in
969 2671 1184 2730 matrimonium

58 2769 190 2827 duxerat.
232 2769 313 2844 Quae
334 2772 451 2846 nuptiae
476 2789 531 2844 quo
553 2788 626 2830 anno
648 2772 768 2841 fuerint,
799 2771 880 2830 varie
900 2771 968 2829 hinc
988 2770 1069 2828 illinc
1090 2768 1185 2841 dispu-

62 2860 157 2923 tatum
179 2883 270 2938 neque
293 2867 385 2926 adhuc
405 2884 523 2941 prorsus
544 2872 622 2926 oerto
643 2867 787 2925 firmatum
808 2872 860 2925 est.
902 2867 929 2926 J.
944 2864 980 2926 G.
996 2864 1186 2940 Droysenus¹)

57 2962 181 3034 quidem,
197 2964 243 3021 vir
257 2963 399 3036 egregius,
415 2980 520 3022 annum
533 2963 636 3022 statuit
653 2963 715 3021 fere
729 2963 796 3022 266.
828 2964 871 3021 At
885 2963 919 3019 A.
935 2961 1187 3036 Wiedemannus²)

59 3076 75 3117 e
97 3059 193 3116 titulis
212 3058 369 3134 Aegyptiis
394 3060 530 3134 probavit
549 3058 695 3119 Arsinoen
720 3061 778 3118 iam
803 3077 830 3120 a.
853 3060 912 3117 270
932 3059 1064 3131 reginam
1088 3058 1185 3116 fuisse.

59 3156 136 3226 Quot
156 3172 224 3214 vero
245 3158 328 3215 annis
348 3162 414 3216 ante
434 3158 552 3230 nuptiae
573 3158 669 3216 factae
689 3157 754 3229 sint,
776 3173 813 3216 ne
833 3173 908 3215 nunc
927 3156 1042 3228 quidem
1063 3158 1186 3212 constat

60 3251 116 3312 Vir
137 3253 213 3310 onim
233 3254 283 3312 ille
305 3253 405 3312 doctus
425 3270 488 3312 eum
509 3254 652 3312 tribueret
673 3270 721 3313 eas
742 3271 817 3312 anno
839 3253 1020 3312 antecedenti
1041 3250 1136 3327 (271),
1157 3251 1187 3308 in

58 3350 114 3407 hac
139 3367 172 3408 re
199 3350 241 3408 sio
265 3351 455 3409 ratiocinatus
475 3355 532 3409 e'st:
565 3367 629 3409 cum
653 3350 756 3410 Snidas
783 3367 806 3410 s.
832 3368 856 3408 v.
885 3347 1064 3426 Καλλίμαχος
1089 3346 1188 3405 tradat

58 3445 255 3504 Ptolemaeum
285 3447 463 3518 Euergetes,
498 3447 683 3520 Philadelphi
713 3454 743 3506 et
776 3446 918 3506 Arsinoae
949 3445 1055 3518 prioris
1086 3441 1187 3508 filium,

60 3541 293 3615 olymp.127,2
308 3544 394 3618 (271)
408 3560 530 3617 regnare
544 3543 671 3617 coepisse
694 3560 811 3617 cumque
825 3543 993 3602 scholiastes
1015 3540 1052 3599 ad
1066 3539 1187 3598 Theocr.

62 3639 108 3706 17,
133 3639 189 3697 128
216 3639 251 3696 de
275 3638 465 3714 Philadelpho
496 3641 569 3700 haec
593 3641 725 3700 adnotet
719 3684 844 3701 .....
865 3641 914 3717 τὴν
941 3635 1040 3698 οἰκείαν
1069 3633 1187 3710 ἀδελφὴν

55 3731 202 3811 Ἀρσινόην
223 3736 307 3811 ἔγημε
328 3735 422 3794 καὶ’
400 3757 582 3813 ειςεποιησατο
604 3734 673 3814 αὐτῇ
693 3736 755 3800 τοὺς
775 3735 861 3795 ἐκ
827 3758 876 3813 της
896 3734 1029 3813 προτέρας
1046 3729 1189 3809 Αρσῑνόης

58 3858 272 3867 -——

134 3917 154 3984 ¹)
175 3913 339 3974 Gesohichte
357 3917 406 3974 des
425 3917 611 3973 Hellenismus
631 3917 642 3950 ²
660 3917 744 3987 Ill,l
748 3960 755 3986 ,
773 3934 803 3987 p.
820 3919 872 3973 268
891 3915 954 3971 adn.
973 3918 998 3972 3.
1018 3946 1051 3954 -
1116 3876 1119 3884 Ι

133 4004 156 4075 ²)
174 4003 243 4060 lius.
262 4005 341 4061 rhen.
360 4007 403 4074 38,
425 4007 501 4076 1883,
518 4022 545 4076 p.
560 4007 612 4061 384
631 4020 709 4075 sqqa,
723 4004 795 4074 „Zur
807 4002 992 4072 Chronologie
1010 4001 1059 4058 der
1070 4001 1191 4056 Arsinoe

60 4090 284 4161 Philadelphos.“
306 4121 338 4134 -
