2820 4688
652 437 871 499 .-22-

190 628 363 702 cogitatione
384 628 510 700 inuenta,
524 631 559 684 ut
572 627 614 686 M.
629 625 808 701 Hauptius¹),
828 625 875 683 vir
889 626 1083 695 admirandus,
1097 643 1166 685 uere
1180 626 1329 699 indicavit

190 741 362 797 quamquam
388 724 418 783 id
444 740 500 782 non
527 739 641 795 semper
661 740 679 781 a
699 722 770 781 viris
796 722 888 781 doctis
914 722 1030 781 uidetur
1053 723 1126 781 mihi
1146 723 1329 782 observatum

191 838 260 881 esse.
304 821 400 891 Quare
420 821 523 877 mirum
544 835 603 878 non
623 824 676 889 est,
704 818 788 891 qnod,
813 824 847 876 ut
869 835 966 877 omnes
987 819 1202 879 Alexandrinae
1223 821 1330 878 aetatis

189 921 292 993 poetae
318 917 411 990 magis
436 917 467 974 in
487 916 637 974 imitandis
664 921 693 974 et
718 915 867 974 servandis
887 915 1076 974 vetustiorum
1105 916 1246 988 exemplis
1266 932 1330 975 ver

190 1015 333 1073 sabantur
354 1031 440 1086 quam
461 1013 492 1070 in
512 1012 595 1072 novis
609 1029 728 1084 poeseos
749 1013 903 1084 generibus
918 1013 1060 1082 creandis,
1081 1013 1123 1071 111
1144 1013 1195 1072 1111
1217 1029 1329 1085 quoque

192 1111 314 1170 aliorum
346 1110 473 1182 vestigia
497 1109 628 1180 quamvis
653 1108 725 1166 11111
752 1115 783 1167 11
808 1108 966 1168 artificiose
997 1115 1112 1168 secutus
1138 1115 1192 1168 est.
1241 1108 1331 1168 Cuius

191 1207 236 1266 rei
251 1207 340 1264 etiam
353 1222 428 1264 nunc
439 1205 606 1263 testimonia
620 1204 703 1262 nobis
714 1209 831 1277 praesto
846 1210 922 1275 sunt,
944 1206 1025 1264 velut
1039 1211 1139 1263 auctor
1155 1205 1291 1264 carminis
1302 1207 1331 1264 Il

191 1303 352 1376 argumenti
376 1308 479 1360 narrat
503 1301 634 1360 iudicans
659 1299 783 1360 fortasse
806 1302 890 1359 nimis
916 1304 1033 1360 acerbe:
1060 1302 1109 1378 τὴν
1131 1300 1161 1360 δὲ
1183 1299 1330 1360 Θεστολίδα

192 1399 206 1457 d
232 1397 375 1477 Θεόκριτος
400 1396 590 1474 ἀπειροκάλως
611 1397 644 1456 ἐκ
671 1400 726 1454 τῶν
748 1396 895 1475 Σώφρονος
923 1397 1073 1474 μετήνεγκε
1101 1398 1207 1476 μίμων;
1240 1407 1270 1458 11
1300 1400 1330 1457 in

191 1502 361 1570 argumento
382 1495 476 1569 idyllii
501 1496 555 1554 XV
576 1495 713 1567 legimus:
746 1494 903 1573 παρέπλασε
930 1494 960 1552 δὲ
985 1495 1016 1553 τὸ
1036 1495 1199 1571 ποιημάτιον
1222 1495 1329 1556 ἐκτῶν

192 1592 265 1671 παρὰ
281 1591 406 1670 Σώφρονι
427 1590 604 1667 bewailed)
625 1588 785 1667 τὰἼσθμια.
821 1593 903 1666 Quae
918 1609 985 1650 num
1000 1609 1070 1652 vera
1084 1593 1144 1651 sint
1157 1609 1330 1664 quamquam

192 1691 353 1749 diiudicare
379 1688 462 1747 nobis
487 1705 545 1746 non
570 1689 627 1746 iam
653 1689 737 1756 licet,
769 1694 866 1746 tamen
894 1689 953 1748 late
980 1690 1172 1748 imitationem
1192 1698 1330 1762 vagatam

192 1803 255 1845 1111
281 1801 363 1844 nemo
390 1785 518 1857 putabit,
552 1785 601 1855 qui
627 1785 698 1842 haec
724 1785 851 1843 carmina
874 1783 924 1858 (ll.
945 1784 1020 1860 XV)
1042 1787 1130 1844 semel
1156 1787 1329 1860 perlegerit:

192 1883 346 1954 intelleget
366 1882 465 1955 potius
479 1897 515 1938 ca
529 1896 621 1951 neque
642 1881 731 1938 ullum
752 1881 923 1939 imitationis
937 1883 1088 1956 vestigium
1108 1899 1179 1956 prae
1200 1900 1231 1942 11
1253 1883 1329 1942 ferre

192 1985 222 2038 et
248 1979 374 2037 indolem
406 1978 587 2050 praeclaram
613 1995 738 2050 arguere
765 1994 822 2035 non
848 1978 1018 2049 imitatoris,
1050 1980 1101 2037 scd
1131 1981 1195 2039 veri
1226 1985 1329 2053 poetae

192 2077 284 2135 Musis
305 2075 404 2134 amati.
439 2075 539 2146 ltaque
561 2075 748 2133 iudicabimus
763 2074 949 2134 Theocritum
964 2092 1175 2147 nonnumquam
1197 2078 1329 2150 exempla

191 2177 344 2246 poetarum
359 2175 457 2230 aetate
472 2172 612 2230 maiorum
626 2173 778 2244 praeclara
792 2177 860 2230 ante
875 2173 973 2231 oculos
987 2173 1131 2240 habuisse,
1153 2173 1221 2232 inde
1241 2175 1330 2233 bonas

193 2270 294 2343 fruges
310 2270 429 2342 cepisse,
445 2269 579 2327 didicisse
593 2285 666 2341 quse
680 2270 768 2342 digna
782 2275 874 2339 erant,
896 2275 928 2327 11
941 2270 971 2326 in
986 2269 1160 2327 carminibus
1175 2269 1330 2328 condendis

193 2383 245 2426 suo
266 2367 356 2439 ipsius
376 2366 493 2437 ingenio
514 2367 644 2439 paruisse
665 2372 726 2425 tam
747 2366 837 2439 probe
859 2372 889 2425 et
910 2366 997 2436 scite,
1021 2372 1056 2425 ut
1076 2366 1254 2439 exprimeret
1274 2381 1331 2424 non

193 2463 382 2535 imitationes,
406 2463 456 2521 sed
478 2463 606 2520 carmina
625 2479 709 2521 nova.

272 2560 366 2634 Quam
380 2565 464 2618 caute
479 2576 549 2619 vero
564 2559 732 2617 testimonia
745 2559 784 2617 ad
797 2559 975 2620 imitationes
989 2559 1151 2633 spectantia
1161 2557 1331 2631 accipienda

193 2660 265 2732 sint,
299 2658 425 2729 scriptor
451 2657 616 2730 argumenti
647 2657 782 2715 carminis
807 2657 894 2716 XVII
926 2658 1118 2727 demonstrat,
1150 2672 1214 2715 cum
1246 2655 1331 2713 dicit:

190 2753 324 2832 Ἀρατείᾳ
350 2753 380 2811 δὲ
406 2752 539 2832 κέχρηται
565 2751 683 2831 εἰσβολῇ.
724 2753 801 2814 Nam
828 2754 889 2812 eius
910 2755 1045 2826 opinione
1067 2753 1182 2826 decepti
1201 2752 1333 2825 plerique

194 2856 359 2910 statuerunt
372 2868 471 2909 versus
482 2852 567 2924 primi
579 2850 667 2909 verba
679 2849 711 2909 ἐκ
721 2849 785 2913 Διὸς
796 2848 967 2928 ἀρχώμεσθα
978 2850 1164 2909 Theocritum
1175 2849 1333 2921 sumpsisse

195 2965 231 3007 ex
253 2947 344 3006 Arati
364 2947 590 3019 Phaenomenis,
622 2963 742 3018 quorum
768 2948 882 3006 initium
908 2947 942 3005 fit
962 2948 1072 3006 eisdem
1097 2946 1207 3018 uerbis,
1240 2947 1334 3004 donec

193 3045 365 3118 Hempelius
391 3043 433 3118 (p.
456 3044 494 3103 92
516 3044 592 3118 sqq.)
614 3045 758 3102 sententia
784 3046 933 3103 contraria
959 3045 1076 3117 prolata
1101 3043 1241 3102 indicavit
1266 3041 1335 3101 imi-

195 3145 318 3199 tatorem
341 3157 404 3198 esse
420 3141 552 3199 Aratum.
591 3141 656 3214 Qua
676 3140 712 3198 de
727 3157 759 3198 re
779 3157 817 3198 ne
838 3143 929 3199 multa
943 3143 1033 3200 verba
1053 3139 1214 3213 perderem,
1237 3138 1336 3198 effecit

195 3236 376 3311 Vahlenus⁸),
408 3238 458 3309 qui
483 3253 569 3309 qnam
594 3236 669 3295 falso
690 3237 816 3296 imitatio
842 3242 1020 3296 statueretur
1045 3253 1145 3296 eorum
1169 3236 1334 3307 verborum,

195 3349 316 3405 quorum
342 3349 443 3392 sensus
467 3338 591 3404 utroque
612 3334 676 3391 loco
704 3333 833 3392 diuersus
854 3335 904 3406 sit,
938 3334 1100 3392 luculenter
1124 3332 1337 3392 demonstravit
1394 3389 1400 3398 ,

194 3430 395 3503 persuasitque
409 3428 563 3504 Hillero⁴),
585 3430 646 3486 viro
661 3429 838 3489 doctissimo.
878 3429 999 3487 Omnino
1014 3447 1065 3488 eur
1077 3430 1152 3487 haec
1172 3429 1232 3486 tria
1244 3426 1336 3485 verba

268 3591 288 3658 ¹)
308 3586 380 3658 Opp.
400 3586 484 3642 1252
509 3602 565 3657 sq.;
594 3586 668 3656 apud
687 3585 796 3656 Belger.
819 3602 846 3655 p.
867 3587 927 3641 230.
955 3616 989 3626 -
1019 3585 1173 3656 Nonnulla,
1201 3601 1274 3656 quae
1297 3584 1337 3640 ad

195 3680 285 3732 artem
309 3674 521 3731 alexandrinam
544 3674 699 3744 pertinent,
728 3673 870 3742 congessit
887 3673 920 3729 R.
939 3673 1021 3729 Biesc
1047 3674 1097 3743 „de
1115 3673 1195 3745 poesi
1216 3672 1337 3730 Theocr.

196 3764 431 3830 observationes“,
450 3761 516 3819 diss.
536 3761 676 3832 Rostoch,
695 3760 795 3818 Strals.
815 3764 893 3817 1874.
913 3790 946 3800 -

267 3853 288 3916 ²)
309 3850 354 3907 Sic
372 3849 505 3906 Valcken.
528 3866 579 3919 pro
604 3850 729 3922 eoquod
753 3851 783 3904 in
802 3849 881 3906 codd.
901 3849 1032 3918 vulgatur
1055 3847 1183 3921 baptism
1215 3848 1338 3923 θαρένιον

92 3928 95 3935 ’
196 3937 351 3994 Blomfield.
370 3968 404 3978 -

268 4027 291 4094 ⁸)
310 4026 371 4083 Ind.
389 4027 481 4083 Berol.
502 4029 570 4082 aest.
592 4028 670 4097 1885,
689 4042 716 4097 p.
739 4028 779 4083 15.
799 4055 832 4067 -

267 4116 290 4183 ⁴)
309 4114 529 4171 Wocheuschrift
547 4113 566 4173 f.
586 4114 672 4172 klass.
691 4113 791 4170 Philol.
810 4114 847 4184 II,
869 4114 945 4182 1885,
965 4129 1010 4170 no.
1028 4117 1072 4170 41.
1094 4143 1126 4156 -
