2820 4688
607 408 828 471 ..19-

141 595 227 654 modo
248 612 285 652 ex
306 596 368 669 ipso
384 595 511 654 carmine
526 597 738 668 persentiscere
760 613 806 654 me
827 603 897 670 puto
918 615 976 656 non
997 616 1034 658 ea
1046 605 1179 674 tempora
1200 604 1280 676 regni

140 691 328 764 Philadelphi
342 692 447 761 notari,
469 692 572 763 quibus
593 692 714 766 imperio
728 694 802 752 inito
815 694 966 753 discordiis
980 696 1126 756 intestinis
1139 699 1280 770 bellisque

141 793 299 861 occupatus
313 793 386 859 erat,
408 805 500 860 neque
521 805 565 855 ea,
586 789 690 859 quibus
704 789 825 849 diversis
847 791 923 849 curis
945 797 974 851 et
995 794 1151 853 senectutis
1173 795 1280 853 morbi-

141 902 196 957 que
230 884 379 943 doloribus
410 889 475 942 erat
505 890 641 955 uexatus,
673 886 723 944 sed
754 902 799 955 ea,
831 887 934 958 quibus
966 890 1044 947 omni
1074 906 1172 947 rerum
1202 895 1280 950 statu

140 981 263 1040 florente
283 983 314 1040 in
334 982 484 1055 potentiae
505 983 586 1052 quasi
606 982 722 1056 fastigio
743 983 929 1057 versabatur,
951 987 982 1043 in
1002 987 1104 1057 quibus
1124 1003 1281 1046 numeran-

139 1080 207 1137 dum
229 1083 273 1136 cst
294 1078 417 1152 spatium
438 1078 514 1136 inter
535 1095 560 1136 a.
583 1080 642 1138 270
663 1084 694 1137 et
714 1080 782 1139 266.
806 1113 843 1122 —

220 1175 345 1232 Praeter
375 1176 533 1233 encomium
554 1174 642 1235 XVII
661 1176 762 1234 landes
783 1176 968 1251 Philadelphi
1000 1185 1106 1237 canunt
1137 1180 1193 1239 dno
1217 1199 1280 1239 car-

139 1273 227 1335 mina.
249 1271 322 1329 XIV
344 1279 374 1330 et
394 1269 460 1329 XV.
503 1271 582 1341 Quae
608 1272 723 1342 quando
745 1273 855 1345 scripta
876 1274 948 1344 sint,
969 1276 1020 1332 vix
1040 1292 1173 1347 umquam
1194 1294 1280 1335 accu-

139 1374 204 1428 rate
223 1369 460 1440 investigabitur.
502 1366 627 1426 Carmen
647 1369 717 1426 XIV
739 1369 816 1427 enlm
837 1370 985 1430 Haulerus
1016 1372 1058 1447 (p.
1082 1373 1132 1444 30)
1164 1373 1278 1434 dixerat

139 1471 208 1539 post
233 1465 384 1524 Theocriti
416 1483 451 1524 ex
473 1466 610 1538 Aegypto
642 1465 766 1523 redibum
797 1467 883 1539 paulo
910 1474 977 1526 ante
999 1486 1026 1527 a.
1048 1470 1106 1528 248
1128 1471 1160 1527 in
1180 1470 1280 1530 Sicilia

138 1563 331 1635 compositum
352 1578 416 1620 esse
434 1561 574 1636 (Passum.
595 1562 617 1622 1.
639 1562 659 1621 1.
681 1579 709 1634 p.
734 1562 812 1636 133).
855 1561 914 1621 Sed
935 1565 1057 1636 primurn
1079 1566 1153 1624 unde
1174 1568 1280 1626 scimus

138 1676 276 1731 umquam
301 1663 417 1732 poetam
438 1657 621 1717 Alexandria
652 1658 756 1716 relicta
782 1660 812 1716 in
838 1661 964 1732 patriam
990 1663 1167 1721 reverussea
1207 1665 1280 1722 Mihi

139 1757 256 1828 quidem
281 1757 367 1829 longe
388 1757 443 1815 hoc
469 1757 571 1814 abesse
598 1756 712 1814 videtur
733 1773 752 1813 a
772 1757 835 1814 veri
857 1758 1054 1817 simiIItudinis
1075 1762 1180 1832 specie,
1212 1765 1280 1833 quia

138 1870 226 1925 quam
246 1853 381 1911 turbidae
399 1868 541 1924 quamque
563 1853 751 1925 perturbatae
771 1853 830 1911 illis
851 1854 1030 1926 temporibus
1051 1871 1149 1915 omnes
1162 1858 1280 1917 Siciliae

138 1967 187 2008 res
208 1956 328 2023 propter
354 1950 461 2008 bellum
481 1949 621 2006 Punicum
654 1949 764 2007 fuerint
790 1949 875 2008 facile
898 1952 1083 2024 perspicitur.
1130 1954 1277 2022 „Gratiis“

138 2049 200 2106 suis
220 2047 294 2105 nihil
315 2047 488 2105 Theocritus
520 2047 700 2118 profecerat,
733 2047 805 2103 nihil
827 2047 889 2104 fere
912 2064 1009 2105 earum
1030 2066 1128 2107 rerum
1148 2051 1280 2110 accidere

138 2149 323 2218 cognoverat,
356 2160 426 2215 quas
457 2149 627 2216 speraverat
652 2149 746 2200 mente
769 2147 829 2200 tarn
850 2143 970 2201 fervida.
1014 2146 1194 2204 noroenses
1215 2164 1279 2205 eum

138 2241 305 2314 putabimus
325 2241 356 2298 in
377 2241 501 2298 insulam
521 2241 602 2297 illam
624 2241 709 2312 idque
730 2257 782 2312 per
803 2241 932 2310 inquieta
953 2241 1022 2299 belli
1044 2249 1184 2316 tempora,
1206 2260 1280 2315 quas

137 2339 234 2412 poetis
253 2339 349 2396 locum
369 2339 416 2394 vix
439 2337 509 2396 dure
530 2341 691 2409 poterantr
732 2337 826 2408 Quam
848 2338 904 2395 etsi
925 2354 982 2394 non
1003 2340 1089 2411 plane
1111 2343 1279 2411 negaverim
1383 2383 1395 2408 .

137 2436 267 2508 potuisse
287 2434 362 2505 fieri,
383 2440 416 2492 ut
437 2434 610 2492 Theocritus
631 2451 666 2491 ex
693 2435 764 2491 urbe
785 2433 1021 2492 Ptolemaeorum
1042 2436 1160 2508 rediret,
1183 2441 1279 2496 tanuen

138 2548 203 2590 cum
225 2532 261 2589 de
283 2547 317 2589 ca
331 2549 364 2589 re
385 2531 525 2589 traditum
546 2531 617 2589 nihil
631 2531 796 2602 habeamus
820 2531 975 2588 verisimile
996 2537 1119 2589 osteum
1135 2540 1279 2592 moratum

137 2644 202 2686 esse
223 2626 431 2700 Alexandriae,
460 2644 516 2699 qua
542 2629 613 2685 urbe
635 2628 796 2686 nullatum
817 2629 912 2700 poetis
933 2630 1029 2700 aptior
1050 2635 1123 2688 erat.
1165 2631 1279 2689 Deinde

136 2725 169 2782 in
190 2724 291 2784 Sicilia
313 2741 429 2782 carmen
441 2724 513 2782 XIV
535 2724 681 2782 conditum
704 2739 767 2782 esse
782 2741 874 2795 neque
895 2725 953 2783 ullo
969 2725 1031 2783 eius
1052 2726 1116 2783 loco
1137 2725 1277 2799 firmatur,

136 2828 168 2879 et
190 2838 225 2879 ne
246 2826 309 2879 tum
329 2821 445 2892 quIdem
476 2837 548 2893 opus
578 2826 653 2878 esset
674 2821 728 2879 hoc
748 2837 870 2893 ponere,
903 2823 928 2878 si
954 2826 1033 2879 recte
1054 2823 1224 2882 scholiastes
1247 2827 1279 2882 in

137 2925 307 2990 argumento
341 2917 474 2975 dixisset:
506 2916 539 2974 τὰ
563 2913 711 2994 πράγματα
743 2915 771 2973 ἐν
793 2915 910 2993 Σικελίᾳ.
959 2918 1050 2989 Quam
1082 2920 1277 2985 opinationem

138 3016 211 3073 nihil
242 3015 273 3072 in
305 3015 432 3072 carmine
463 3015 526 3088 ipso
559 3015 679 3086 probam
712 3030 803 3086 neque
835 3014 909 3072 enim
942 3015 1011 3073 solis
1033 3013 1139 3073 Siculis
1170 3017 1279 3076 licebat

138 3113 248 3172 dicere:
278 3112 447 3185 πλευσοῦμαι
472 3110 564 3187 κήγὼν
586 3110 736 3173 διαπόντιος
757 3111 831 3185 (55).
874 3111 1009 3183 Denique
1030 3129 1082 3170 cur
1101 3115 1187 3186 paulo
1210 3121 1277 3174 ante

137 3212 231 3284 ipsum
253 3209 431 3267 11111148
453 3208 602 3280 scripserit
622 3208 677 3265 boc
692 3224 816 3279 carmen,
839 3207 933 3266 fateor
953 3225 999 3266 me
1019 3226 1076 3267 non
1097 3210 1275 3283 intellegere,

137 3309 193 3367 nisi
214 3306 292 3365 forte
314 3323 330 3364 1
349 3321 391 3364 vs.
416 3306 452 3363 69
475 3321 535 3377 sqq.
559 3305 700 3362 conclusit
731 3297 847 3377 poetam
875 3321 970 3362 senem
997 3305 1103 3371 fuisse;
1136 3313 1167 3364 at
1192 3309 1277 3366 nimis

136 3406 248 3463 incerte
268 3402 372 3461 statuit
393 3401 445 3460 snb
466 3402 580 3459 nomine
603 3403 773 3474 Thyonichi‚
797 3403 877 3460 cuius
898 3418 998 3461 versus
1021 3402 1066 3460 illi
1087 3408 1161 3476 sunt,
1184 3405 1276 3463 latere

137 3502 232 3576 ipsum
253 3499 448 3569 Theocritum,
471 3505 504 3557 ut
524 3498 685 3557 Brinherus
706 3516 818 3571 quoque
840 3499 880 3574 (p.
906 3499 956 3572 14)
977 3500 1120 3572 opinatur.

219 3598 328 3657 Contra
353 3597 499 3669 Spohnius
530 3595 574 3671 (p.
596 3598 614 3653 5
636 3595 711 3669 sqq.)
743 3601 774 3653 11
800 3595 1042 3654 Wuestemannus
1073 3596 1274 3673 (120011.)

136 3696 339 3756 iudicaverunt
364 3710 479 3752 carmen
500 3693 570 3751 XIV
593 3690 779 3751 Theocritum
801 3691 1002 3751 Alexandriae
1028 3692 1190 3764 scripsisse,
1216 3696 1275 3768 pri·

135 3808 258 3864 usquam
278 3792 310 3849 in
330 3789 460 3850 Siciliam
480 3789 604 3858 rediret,
626 3789 645 3847 i.
667 3807 692 3848 c.
716 3794 784 3847 ante
805 3807 829 3848 c.
851 3789 934 3848 XVI.
978 3788 1036 3848 Sed
1063 3795 1095 3845 ut
1121 3789 1156 3848 de
1181 3791 1276 3849 reditu

136 3889 195 3948 iam
216 3903 273 3945 nou
293 3887 382 3944 uerba
396 3886 510 3953 faciam,
533 3887 641 3945 slvere
656 3903 744 3958 supra
759 3887 956 3945 demonstravi
978 3885 1119 3958 querellas
1140 3887 1275 3945 carminis

136 3985 215 4044 XVI
236 4000 292 4042 non
324 3983 361 4041 ad
382 3983 581 4041 Ptolemaeum
612 3983 775 4055 pertinere,
807 3983 963 4042 verisimile
995 3987 1039 4040 est
1070 3998 1184 4040 carmen
1204 3984 1274 4041 XIV

136 4097 249 4154 quoque
280 4085 377 4140 aetate
408 4081 529 4139 inferius
561 4098 623 4140 esse
649 4096 734 4152 quam
754 4080 838 4140 XVI.
879 4081 955 4139 Nam
986 4081 1061 4138 mira
1081 4083 1156 4136 esset
1176 4079 1273 4138 incon·

1083 4173 1115 4228 2*
