2820 4688
594 401 813 463 -14-

137 588 301 648 Ptolemaeo
334 588 490 661 laudando,
523 594 606 646 caute
637 590 734 647 omnia
764 589 946 659 omittantur,
980 605 1052 660 quae
1078 591 1124 648 vel
1154 591 1262 662 aliquid

136 686 252 744 laedere
272 686 385 759 possint
406 685 483 758 regis
503 685 636 743 animum.
678 686 753 745 Nam
773 691 838 744 utut
859 686 894 745 de
914 687 969 744 hac
989 703 1083 760 pogna
1109 688 1261 761 indicatur,

137 783 172 841 de
202 798 259 853 qua
285 798 431 855 perpauca
462 785 609 855 comperta
638 782 787 851 habemus,
820 784 933 842 etiamsi
960 800 1024 842 eam
1053 800 1111 843 non
1141 785 1264 843 multum

137 880 260 938 valuisse
282 880 319 938 ad
335 881 518 954 Philadelphi
532 884 680 957 imperinm
696 882 891 951 concedamus,
912 886 1017 949 tamen,
1038 882 1064 940 si
1078 883 1178 940 statim
1198 888 1264 955 post

139 993 254 1035 carmen
279 978 498 1051 composuisset,
529 979 580 1037 vix
604 984 651 1038 tot
680 978 776 1038 vorbis
799 979 910 1038 insulae
934 979 1107 1037 mentionem
1137 978 1262 1047 iecisset,

137 1075 308 1148 praesertim
341 1090 406 1132 cnm
436 1091 472 1133 111
503 1090 575 1148 opus
594 1075 707 1146 quidem
733 1076 760 1134 ei
786 1080 861 1134 esset
891 1079 977 1146 atquo
1001 1074 1085 1134 facile
1109 1091 1156 1134 res
1178 1076 1263 1133 aliter

136 1174 234 1244 posset
280 1171 400 1229 institui.
464 1170 554 1242 Quam
589 1172 761 1230 sententiam
797 1170 963 1230 confirmant
1004 1171 1127 1230 maxime
1175 1172 1263 1229 verba

136 1267 200 1330 τίοις
220 1266 250 1325 δέ
266 1289 301 1342 με
315 1265 410 1324 τόσσον
424 1269 492 1338 κτλ,
513 1268 544 1325 in
559 1268 660 1340 quibus
672 1268 834 1340 putaverim
848 1267 957 1338 aliquid
970 1269 1063 1328 inesse
1077 1268 1262 1339 ,‚audaciae“,

136 1364 161 1421 si
181 1367 294 1421 tantum
314 1362 452 1423 honorem
473 1380 508 1423 ea
528 1365 623 1422 insula
643 1370 737 1438 petat,
770 1365 849 1423 cuius
874 1381 978 1424 nomen
998 1365 1023 1423 si
1047 1382 1105 1424 non
1125 1364 1261 1424 infestum

139 1460 254 1518 amibus
274 1459 436 1519 Ptolemaei
456 1460 521 1531 fuit,
543 1466 575 1519 at
594 1461 768 1532 aliquamdiu
789 1467 868 1520 certe
888 1463 1042 1534 ingratum.
1085 1462 1164 1522 Idem
1185 1463 1263 1521 cadit

139 1558 169 1615 in
188 1558 396 1616 1171111722
418 1557 456 1621 ὣς
471 1555 523 1634 ἄρα
537 1560 616 1622 νᾶσος
630 1559 724 1617 ἔειπεν.
746 1557 761 1615 ὁ
782 1556 804 1615 δ’
826 1557 928 1635 ὑψόθεν
949 1561 1046 1634 ἔκλαγε
1066 1561 1145 1636 φωνᾷ
1166 1558 1195 1623 ἐς
1208 1558 1262 1637 τρὶς

140 1653 193 1711 ἀπὸ
213 1652 317 1730 νεφέων
336 1653 420 1729 μέγας
435 1653 522 1718 αἰετὸς
542 1654 624 1718 αἴσιος
637 1653 717 1732 ὄρνις.
751 1656 815 1714 Hoc
827 1655 915 1726 igitur
929 1657 1001 1714 scite
1022 1673 1080 1714 non
1099 1656 1262 1714 institutum

140 1755 204 1808 erat
230 1749 422 1808 aTheocrito
455 1751 554 1809 statim
579 1756 645 1824 post
665 1751 763 1810 Ooam‘
785 1768 922 1825 pugnam
954 1768 1123 1824 quamquam
1154 1753 1264 1824 aliquot

141 1846 222 1905 annis
236 1851 302 1921 post
315 1847 454 1906 momoria
468 1847 558 1905 cladis
571 1849 711 1921 paulatim
725 1849 880 1907 obliterata
893 1864 949 1907 non
963 1865 1037 1921 nego
1051 1848 1112 1906 fieri
1126 1848 1263 1921 potuisse,

140 1947 174 2000 ut
194 1943 229 2001 de
249 1943 344 2002 insula
363 1960 411 2002 res
431 1945 474 2002 ita
494 1949 635 2017 narraret,
657 1949 691 2002 nt
711 1946 849 2004 narravit.

221 2038 283 2110 Quo
303 2054 371 2099 voro
392 2056 467 2099 anno
487 2058 585 2114 pugna
606 2043 757 2101 commissa
777 2043 823 2113 sit,
849 2059 895 2102 res
919 2048 962 2102 est
982 2043 1075 2102 adhuc
1094 2044 1215 2101 obscura
1236 2048 1265 2100 et

142 2136 317 2196 addubitata
360 2139 525 2211 Droysenus
546 2138 672 2212 quidem,
705 2155 825 2211 quocum
849 2139 981 2213 plerique
1006 2139 1128 2208 iaciunt,
1161 2140 1265 2197 annum

142 2234 223 2305 ponit
243 2234 301 2292 266
324 2235 364 2309 (p.
387 2234 447 2292 244
466 2235 532 2295 adn.
546 2235 592 2311 4),
616 2252 709 2308 nequo
730 2242 813 2295 caret
831 2237 862 2295 id
882 2237 1067 2310 argumentis
1095 2235 1265 2309 Hempelius

142 2330 184 2406 (p.
200 2329 250 2406 75)
270 2336 355 2405 putat
374 2330 460 2390 fuisse
482 2349 545 2390 eam
565 2339 677 2392 aestate
698 2333 846 2406 11111263,
868 2335 924 2393 1111
944 2335 1005 2392 eius
1024 2338 1190 2406 argumenta
1210 2348 1267 2390 non

143 2427 268 2486 certiora
288 2434 354 2486 sunt
374 2444 457 2500 quam
476 2428 632 2501 Droyseni.
677 2430 723 2486 Ab
747 2430 802 2488 hoo
821 2435 917 2488 tamen
943 2430 1081 2502 temporis
1100 2430 1264 2488 discrimine

143 2526 172 2582 111
192 2530 293 2583 nostra
313 2541 400 2583 cansa
420 2541 477 2582 non
496 2525 616 2582 multum
636 2526 761 2598 pendere
781 2531 882 2602 postea
902 2526 1062 2600 apparebit.

222 2620 328 2679 Incidit
347 2626 443 2678 autem
463 2637 558 2694 pugna
578 2620 630 2678 illa
650 2622 681 2679 in
700 2622 807 2680 bellum
827 2622 1071 2690 Chremonideum
1100 2623 1180 2681 cuius
1202 2639 1265 2681 cum

144 2722 272 2790 temporo
296 2717 465 2791 Droysenus
496 2718 643 2776 coniunxit
674 2720 796 2792 primum
826 2721 933 2778 bellum
964 2721 1079 2792 syrium
1110 2718 1152 2794 (p.
1185 2719 1266 2794 276),

145 2814 219 2886 qnod
240 2815 344 2873 statuit
363 2819 473 2888 gestum
494 2831 556 2873 esse
576 2816 653 2874 inter
673 2832 700 2877 a.
722 2818 780 2875 266
802 2822 832 2876 11
852 2818 920 2876 263.
961 2817 1068 2888 Quodsi
1086 2817 1141 2874 hoc
1160 2817 1267 2874 bellum

145 2911 242 2970 decem
267 2911 349 2969 annis
375 2916 442 2970 ante
468 2910 555 2970 fuisse
576 2911 723 2986 Koeppino
747 2930 764 2972 e
788 2917 918 2987 tompore
944 2912 1078 2972 carminis
1102 2912 1267 2971 Theocritei

146 3008 291 3067 concludit
310 3008 351 3082 (p.
367 3007 423 3068 211
440 3006 504 3081 so),
527 3008 557 3065 in
571 3024 669 3066 errore
689 3012 830 3068 versatur.
870 3009 948 3070 Nam
967 3009 1043 3080 qnod
1064 3009 1135 3067 dicit
1153 3025 1268 3068 versum

148 3106 205 3163 104
225 3122 266 3177 sq.
292 3105 437 3178 pertinere
468 3104 506 3163 ad
538 3120 609 3177 eum,
644 3104 714 3174 „der
744 3121 809 3163 num
840 3110 935 3164 ersten
953 3105 1031 3164 Male
1063 3105 1115 3163 das
1139 3105 1270 3174 Schwert

146 3201 236 3273 nieht,
267 3218 315 3260 nm
345 3218 382 3260 zu
411 3197 525 3274 zeigen,
558 3199 614 3261 dall
647 3217 680 3259 cr
704 3203 785 3261 nicht
814 3219 868 3260 nur
893 3202 943 3261 das
972 3202 1087 3262 ererbte
1112 3202 1202 3261 Reich
1232 3219 1268 3259 nu

147 3299 283 3356 schiitzen
306 3297 394 3368 weiss,
426 3299 549 3358 sondern
570 3296 627 3357 dail
651 3315 683 3357 er
708 3315 739 3357 es
764 3300 839 3357 auch
862 3301 906 3358 als
925 3300 1069 3359 Idroberer
1088 3315 1125 3356 nu
1150 3300 1269 3358 mehren

147 3399 294 3467 vermag“,
326 3411 360 3454 eo
380 3396 441 3468 ipso
463 3400 607 3468 tempore,
639 3410 694 3465 qno
715 3410 829 3454 carmen
850 3397 1036 3468 compositum
1057 3401 1113 3465 est,
1144 3397 1268 3468 primum

147 3506 245 3564 regam
265 3493 294 3550 in
315 3492 420 3550 bellum
433 3489 578 3566 proficisci
597 3507 633 3550 ne
647 3508 683 3550 ex
697 3508 753 3551 uno
775 3493 887 3564 quidem
900 3493 987 3552 verbo
1009 3492 1140 3551 concludi
1160 3498 1267 3565 potest.

148 3588 194 3647 De
218 3589 278 3647 illis
308 3590 383 3648 anim
413 3589 542 3649 versibus
572 3589 657 3647 aliter
681 3605 768 3662 snpra
796 3590 923 3648 iudicavi
959 3590 1001 3664 (p.
1028 3589 1070 3665 9).
1122 3590 1163 3648 Et
1192 3590 1270 3661 qnod

138 3678 289 3743 'summum
309 3691 362 3758 est,
384 3686 442 3744 iam
461 3684 585 3744 refutavi
597 3685 766 3758 Koeppium
785 3702 900 3744 carmen
920 3687 1066 3744 11111276
1086 3685 1270 3745 tribuentem.

150 3782 270 3841 Omnino
297 3783 453 3847 cavendnm
479 3786 536 3853 est,
567 3799 603 3840 ne
628 3786 760 3855 tempora
784 3799 881 3840 rernm
905 3788 1052 3854 gestarum
1077 3783 1198 3841 obscura
1223 3783 1272 3840 de·

149 3881 285 3938 finiantur
310 3879 446 3951 carmine,
472 3881 550 3938 cuius
574 3884 688 3950 tempus
713 3879 806 3953 ipsum
830 3895 941 3951 quoqne
965 3880 1137 3938 coniecturis
1158 3880 1271 3939 demum

150 3978 240 4035 statui
270 3982 372 4050 potest.
418 3976 522 4036 Potius
552 3977 626 4036 ratio
653 3977 798 4035 contraria
822 3976 999 4036 instituenda
1024 3981 1077 4037 est.
1122 3976 1205 4034 Idem
1225 3977 1271 4036 vir

151 4075 251 4133 doctus
277 4089 341 4132 cum
368 4073 468 4132 deinde
489 4073 594 4132 statuit
615 4073 721 4132 bellum
747 4089 811 4132 cum
830 4073 931 4148 Maga,
962 4089 1033 4147 rege
1054 4073 1269 4148 Cyrenensium,
