2820 4688
617 397 816 459 ..9-

147 591 363 664 gumentatione
378 587 568 647 demonstrari
582 602 696 646 carmen
710 602 794 658 quam
815 587 944 658 proxime
958 586 1094 645 accedere
1114 586 1152 645 ad
1174 603 1200 645 a.
1216 587 1274 646 276

148 690 188 763 (p.
212 687 291 763 211).
334 688 394 758 Quo
416 684 634 759 argumentandi
658 684 741 742 modo
767 700 921 756 numquam
945 684 1016 742 mihi
1040 683 1270 757 persuadebitur.

145 786 275 844 Primum
296 785 372 843 enim
392 783 427 842 de
447 781 615 854 parentibus
635 779 781 856 (lt-52)
801 782 889 838 verba
904 780 981 840 ,fiunt
1000 797 1058 839 non
1078 796 1170 854 paene
1190 780 1273 852 plura

146 899 232 955 quam
254 883 288 940 de
309 879 500 952 Philadelpho
521 876 698 953 (53—134).
739 877 853 936 Deinde
874 894 926 935 cur
945 894 1003 936 non
1024 877 1123 950 quovis
1143 883 1273 950 tempore
1326 923 1328 927 .

147 984 235 1053 poeta
257 995 373 1037 carmen
393 992 476 1036 suum
495 976 539 1033 ita
559 975 686 1048 potuerit
705 974 872 1044 instituere,
904 979 937 1032 ut
958 975 1106 1033 exordium
1126 976 1236 1035 faceret
1256 993 1274 1034 a

144 1076 313 1150 parentibus
346 1075 422 1148 regis
453 1073 659 1141 collaudandis‚
692 1089 746 1145 ego
776 1089 834 1130 non
864 1072 957 1131 video.
1002 1073 1092 1130 Immo
1124 1072 1193 1131 fecit
1218 1074 1273 1132 hoc

144 1177 307 1246 propterea,
338 1177 372 1231 ut
392 1172 602 1231 demonstraret
622 1170 856 1228 Ptolemaeorum
886 1186 977 1242 genus
997 1170 1032 1229 de
1063 1170 1125 1244 ipso
1146 1171 1272 1230 Hercule

144 1270 246 1329 deduci
267 1275 297 1328 et
317 1272 451 1342 parentes
471 1266 653 1338 Philadelphi
677 1266 754 1325 inter
774 1266 844 1324 deos
863 1267 1017 1324 numerari.
1053 1267 1148 1339 Quid?
1178 1285 1272 1327 nonne

143 1367 209 1426 inde
232 1384 343 1439 quoque
357 1366 477 1422 multum
497 1363 591 1422 laudis
603 1362 786 1421 redundabat
806 1362 838 1419 in
850 1378 954 1436 regem,
977 1379 1060 1435 quem
1075 1365 1271 1424 celebraturus

146 1468 235 1522 erati
274 1463 314 1520 Et
334 1463 421 1522 velim
436 1461 570 1520 attendas
590 1461 625 1546 de
645 1461 717 1534 ipsis
735 1461 821 1520 rebus
835 1460 952 1533 Soteris,
973 1462 1102 1533 quamvis
1122 1461 1229 1521 fuerint
1243 1471 1272 1522 ct
1302 1529 1304 1533 .

142 1578 264 1632 magnae
297 1566 326 1618 et
357 1560 472 1626 multae,
503 1559 576 1616 nihil
606 1558 668 1616 fere
699 1557 797 1615 afferri
827 1562 914 1629 atque
944 1557 975 1616 in
1005 1558 1146 1618 Berenice
1177 1567 1270 1619 matre

140 1659 264 1715 maxime
285 1657 449 1730 praedicari
469 1656 594 1713 diuinam
614 1659 794 1727 potestatem.
1247 1733 1253 1744 ·

219 1754 263 1812 At
282 1754 434 1826 Koeppins
454 1752 573 1824 opponit
585 1767 698 1810 versum
715 1752 771 1810 104
792 1768 846 1824 sup:
868 1746 1036 1831 ᾦέπίπαγχυ
1052 1751 1128 1827 μέλει
1147 1753 1269 1832 πατρώια

141 1852 230 1910 πάντα
261 1850 404 1927 φυλάσσειν
436 1845 470 1906 οἷ’
491 1846 586 1924 ἀγαθῷ
617 1850 728 1924 βασιλῆι,
760 1847 794 1906 τὰ
815 1847 844 1906 δὲ
876 1847 1040 1915 κτεατίζεται
1060 1848 1148 1914 αὐτός.
1190 1852 1269 1910 Haec

145 1950 223 2007 enim
243 1953 327 2021 putat
347 1947 473 2021 potuisse
494 1945 530 2004 de
545 1961 578 2003 eo
600 1945 660 2002 solo
682 1945 747 2018 dici,
772 1945 842 2016 „der
862 1951 922 2004 erst
941 1947 996 2005 seit
1016 1948 1270 2020 wenigenJahren

146 2047 198 2104 das
224 2045 382 2103 vaterliche
401 2042 480 2103 Erbe
505 2038 676 2115 angetreten
696 2044 765 2102 hat“
792 2043 834 2119 (p.
857 2044 937 2118 211).
980 2045 1020 2102 ht
1040 2045 1145 2104 iniuria
1164 2049 1270 2121 pressit

140 2144 229 2201 verba
249 2159 285 2200 ex
306 2143 369 2214 ipso
391 2145 526 2198 contextu
547 2143 671 2212 sumpta:
699 2144 786 2213 poeta
807 2140 878 2198 dicit
897 2141 963 2198 inde
984 2157 1002 2198 a
1021 2159 1071 2223 νο.Δ
1085 2146 1123 2202 97
1144 2160 1162 2202 a
1182 2145 1268 2204 nullis

141 2240 270 2297 hostibus
290 2239 453 2311 Aegyptum
473 2239 649 2310 perturbari,
683 2238 751 2309 quia
770 2242 874 2309 regnat
893 2236 1088 2312 Ptolemaeus,
1121 2257 1173 2299 rex
1195 2244 1267 2302 artis

142 2336 263 2395 bellicae
283 2335 359 2393 haud
380 2336 529 2407 imperitus
555 2332 746 2410 (ἐπιστάμενος
767 2333 831 2413 δόρυ
852 2333 963 2394 πάλλειν
988 2353 1030 2397 vs.
1054 2338 1138 2414 103),
1165 2345 1196 2398 et
1215 2340 1267 2398 im-

141 2434 215 2506 perii
246 2433 316 2491 fines
337 2449 355 2490 a
374 2437 457 2505 patre
477 2432 593 2491 relictos
619 2431 747 2491 defendit
771 2438 857 2503 atque
890 2434 977 2492 etiam
1003 2436 1171 2508 expugnatis
1201 2437 1267 2496 aliis

140 2534 291 2603 propagat.
334 2530 430 2600 Quare
454 2545 490 2587 na
511 2529 642 2601 Koeppio
668 2529 782 2601 quidem
807 2546 943 2603 prospere
969 2533 1105 2590 successit
1128 2532 1166 2605 id,
1189 2534 1265 2605 quod

139 2629 231 2687 voluit
252 2627 361 2698 docere,
384 2643 498 2685 carmen
518 2628 656 2701 scriptum
677 2643 740 2686 esse
760 2628 859 2685 statim
879 2634 945 2700 post
965 2645 988 2687 a
1014 2630 1081 2690 276.

216 2723 283 2783 Una
302 2728 395 2783 restat
415 2724 537 2796 denique
558 2740 657 2797 caum,
689 2726 920 2796 quamprimum
940 2742 958 2784 a
978 2725 1157 2786 Buechelero
1179 2744 1262 2787 exco-

145 2823 269 2894 gitatam
300 2823 333 2898 (Ι,
364 2823 383 2878 l.
416 2838 444 2894 p.
477 2819 528 2895 66)
559 2821 707 2895 Koeppius
738 2823 885 2894 amplexus
920 2828 976 2880 est:
1009 2823 1113 2882 etenim
1144 2841 1207 2883 cum
1237 2827 1267 2884 in

143 2920 227 2992 regni
248 2919 404 2991 provinciis
424 2918 596 2976 enumeratis
611 2918 723 2992 Cyprus
743 2918 837 2976 insula
858 2920 962 2978 omissa
982 2919 1021 2978 sit
1040 2920 1106 2996 (uss.
1130 2922 1167 2981 86
1189 2923 1265 2999 sqq.)

138 3019 168 3074 et
188 3014 356 3073 Pausanias·
368 3016 404 3091 (Ι,
426 3016 453 3087 7,
478 3014 508 3090 1)
529 3015 564 3074 de
578 3015 766 3087 Philadelpho
786 3020 898 3075 narret:
921 3014 1059 3075 ἀπέκτεινε
1074 3016 1163 3076 δὲκαὶ
1184 3016 1267 3077 ἄλλον

138 3112 256 3190 ἀδελφὸν
269 3112 398 3187 γεγονότα
409 3110 437 3178 ἐξ
452 3109 612 3191 Εὐρυδίκης,
627 3110 766 3190 Κυπρίους
780 3110 924 3189 ἀφιστάντα
935 3111 1096 3187 αἰσθόμενος
1107 3114 1265 3191 (Droysen.
1367 3171 1368 3174 ,

137 3230 166 3284 p.
190 3211 246 3268 319
269 3210 332 3268 adn.
356 3208 396 3284 1),
418 3214 538 3280 uterque
558 3209 604 3267 vir
624 3209 724 3267 doctus
738 3209 898 3267 arbitratur
918 3210 980 3281 ipso
994 3209 1073 3270 illius
1094 3212 1268 3272 defectionis

137 3315 267 3381 tempore
298 3323 414 3365 carmen
433 3304 527 3366 XVII
552 3323 615 3364 esse
645 3307 845 3379 conscriptum.
886 3308 926 3365 At
957 3324 1040 3379 quam
1070 3308 1173 3368 inscite
1204 3315 1265 3369 tum

137 3404 310 3462 Theocritus
329 3403 452 3461 insulam
472 3402 615 3461 omisisset
634 3404 717 3474 quasi
736 3405 799 3478 regi
818 3405 876 3463 iam
896 3410 1035 3478 creptam,
1068 3405 1214 3465 Vahlenus
1233 3407 1263 3464 in

139 3501 244 3561 scholis
270 3505 350 3558 recte
381 3499 498 3558 monuit.
540 3499 628 3568 ldcm,
660 3501 734 3571 quod
754 3501 950 3577 Niebuhrio¹),
982 3503 1044 3561 viro
1075 3503 1268 3562 admiratione

136 3603 238 3657 nostra
268 3594 446 3670 dignissimo,
477 3612 578 3656 versus
603 3596 754 3656 videbatur
779 3598 932 3666 excidisse,
967 3616 1021 3670 quo
1043 3598 1133 3673 Cypri
1157 3600 1266 3658 mentio

137 3695 218 3752 facta
238 3698 311 3764 erat,
342 3693 397 3754 hoc
417 3693 443 3751 si
463 3709 520 3751 non
541 3697 660 3763 certum,
692 3701 724 3753 at
744 3694 892 3767 probabile
914 3712 976 3754 esse
996 3696 1101 3764 docuit,
1123 3697 1266 3770 imprimis

138 3808 203 3849 oum
224 3791 367 3863 particula
388 3788 448 3847 ἐπεί
472 3789 540 3866 (60)
564 3807 620 3848 non
640 3806 758 3863 prorsus
778 3796 846 3865 apte
866 3791 1000 3851 videatur
1019 3794 1113 3865 posita
1133 3810 1203 3852 esse.

217 3887 273 3946 Sed
297 3886 436 3946 faciamus
466 3888 613 3960 paulisper
644 3881 708 3946 cum
729 3888 779 3958 eis,
811 3887 860 3959 qui
881 3904 996 3947 carmen
1026 3889 1083 3962 ipsi
1107 3889 1265 3950 deficientis

137 3984 229 4058 Cypri
248 3985 373 4057 tempori
387 3984 561 4053 adscribunt,
582 3983 651 4056 quid
664 3983 778 4042 tandem
792 3983 978 4057 proficimus?
1018 3985 1107 4060 Nihil,
1129 3989 1263 4059 quoniam

206 4136 227 4204 ¹)
248 4134 294 4190 Kl.
313 4134 376 4190 hist.
395 4150 423 4189 u.
440 4131 536 4203 philol.
555 4131 693 4189 Schriften
710 4133 724 4187 Ι
743 4135 803 4189 290.
823 4165 856 4173 -
