2820 4688
385 1242 561 1356 Studio
597 1244 895 1361 Theocritea.

585 1491 692 1499 ...n-—

783 1623 865 1701 Haipq
882 1625 932 1700 bqr
951 1626 1031 1680 πάντα
1050 1627 1166 1682 τελεῖται.

625 1798 648 1868 Ι.

124 1904 127 1910 ’
210 1939 266 2009 De
290 1937 497 2009 carminum
520 1906 788 2012 nonnullorum
810 1937 1063 2026 temporibus.

163 2089 224 2212 Ut
245 2144 282 2202 ad
303 2159 530 2215 unumquemque
551 2143 614 2201 iere
628 2147 758 2202 veterum
772 2143 946 2216 scriptorum
960 2143 1073 2216 penitus
1088 2143 1201 2202 intelle-

71 2242 197 2316 gendum
224 2247 254 2299 ot
283 2245 363 2298 recte
393 2240 602 2298 aestimandum
628 2240 747 2296 multum
767 2239 855 2298 nolet
879 2240 941 2298 eius
971 2240 1062 2310 vitae,
1094 2256 1199 2313 rerum,

74 2337 183 2396 aetatis
203 2337 336 2409 cognitio,
359 2337 402 2394 ita
420 2335 568 2394 Theocriti
591 2351 701 2407 quoque
727 2339 819 2394 armm
837 2336 967 2395 eximiam
989 2340 1075 2408 atque
1095 2337 1202 2411 ingenii

25 2441 30 2452 ’
73 2434 260 2505 varietatem,
288 2450 374 2504 quam
394 2433 571 2509 admiramur
591 2448 700 2504 omnes,
733 2432 834 2491 melius
854 2432 943 2490 etiam
963 2433 1199 2506 perspiceremus,

71 2530 97 2587 si
111 2535 216 2602 poetae
230 2530 319 2588 vitam
333 2529 545 2601 carminumque
558 2533 691 2601 tempora
711 2534 845 2587 accurate
860 2532 1008 2601 comperta
1021 2530 1198 2601 haberemus,

68 2631 102 2683 ut
116 2627 220 2685 liceret
234 2626 316 2685 nobis
331 2626 499 2699 diiudicare,
521 2643 579 2698 qua
592 2625 705 2683 ratione
724 2632 755 2683 et
774 2641 827 2698 per
842 2642 911 2696 quos
925 2626 1032 2698 gradus
1052 2627 1200 2698 ingenium

69 2725 134 2781 eius
166 2723 318 2782 educatum
348 2725 424 2781 esset
455 2729 484 2781 et
508 2722 672 2781 formatum.
724 2719 768 2779 At
798 2737 872 2794 quae
898 2721 933 2780 de
959 2721 1108 2781 Theocriti
1139 2723 1201 2782 vita

71 2822 215 2892 rebusque
235 2820 346 2878 tradita
366 2820 534 2893 accepimus,
556 2818 628 2877 adeo
643 2821 710 2875 sunt
729 2818 842 2877 incerta
855 2823 942 2890 atque
962 2820 1049 2878 etiam
1070 2820 1197 2893 confusa,

70 2924 105 2975 ut
130 2917 186 2976 hac
217 2933 271 2990 ope
296 2917 429 2975 destituti
454 2932 545 2989 paene
571 2915 648 2974 omni
677 2911 715 2974 ad
739 2916 804 2988 ipsa
832 2917 959 2974 carmina
979 2917 1200 2990 interpretanda

69 3014 234 3072 reiciamur.
281 3013 377 3087 Quare
397 3014 501 3071 mirum
521 3029 577 3071 non
598 3018 654 3086 est,
686 3014 762 3085 quod
783 3017 828 3072 tot
854 3013 910 3073 viri
930 3029 1047 3088 operam
1067 3030 1149 3072 suam
1168 3014 1199 3071 in

71 3111 126 3169 hoc
151 3127 259 3183 genere
285 3115 442 3184 posuerunt
467 3125 598 3168 successu
622 3126 680 3167 non
705 3109 778 3182 pari.
805 3142 843 3151 —
868 3109 932 3168 Iam
957 3111 1032 3181 quod
1058 3126 1111 3182 ego
1133 3117 1200 3184 post

71 3208 146 3266 alios
179 3213 209 3264 et
237 3207 381 3265 doctiores
412 3211 443 3265 ot
466 3207 626 3279 argutiores
651 3206 689 3265 ad
713 3205 787 3264 hanc
812 3207 1009 3278 quaestionem
1036 3207 1196 3281 aggredior,

69 3307 125 3363 hoc
150 3304 220 3362 mihi
247 3303 469 3372 condonabitur,
503 3304 569 3376 quia
592 3304 622 3362 in
648 3321 680 3362 re
705 3303 829 3362 nondum
856 3303 894 3361 ad
918 3304 1059 3374 liquidum
1080 3303 1199 3362 redacta

68 3417 283 3473 nonnumquam
307 3401 410 3472 aliquis
435 3401 522 3458 etiam
546 3400 709 3474 imperitior
734 3400 868 3460 veritatis
893 3400 940 3458 vel
964 3399 1132 3472 grumulum,
1166 3405 1199 3458 ut

67 3499 111 3556 ita
126 3498 229 3566 dicam,
244 3497 373 3571 reperire
386 3501 488 3570 potest.
528 3495 574 3557 Nc
588 3500 684 3556 tamen
698 3514 802 3569 sequar
816 3496 976 3570 exemplum
990 3495 1020 3555 J.
1036 3495 1196 3571 Hauleri¹)‚

69 3595 118 3666 qui
144 3595 232 3652 nimia
259 3594 454 3652 demonstrare
479 3593 595 3652 studens
615 3594 786 3652 Theocritea
811 3591 919 3666 omnia,
951 3593 1053 3666 idyllia
1080 3597 1111 3650 ot
1135 3592 1197 3670 epi-

68 3696 249 3764 grammata,
280 3692 407 3765 genuina
432 3690 597 3766 et'spuria,
630 3691 749 3764 singulis
775 3696 877 3763 poetae
902 3691 1008 3749 aetatis
1038 3689 1196 3763 particulis,

70 3804 142 3859 quas
163 3789 268 3846 statuit
288 3795 361 3860 tres,
385 3793 472 3847 certo
487 3788 585 3846 ordine
605 3787 775 3860 assignavit,
803 3786 929 3844 carmina
949 3801 1093 3859 perpauca
1119 3790 1197 3844 trac·

67 3885 160 3944 tanda
179 3886 250 3943 mihi
270 3885 419 3958 proposui:
442 3884 524 3944 XVI.
545 3883 639 3944 XVII.
661 3884 739 3944 XIV.
761 3883 825 3944 XVt

141 4086 164 4158 ¹)
185 4085 243 4152 „De
263 4085 402 4141 Theocriti
420 4086 477 4141 rita
496 4088 524 4140 et
542 4084 734 4140 carminibus.“
772 4082 900 4152 Frihurg.
918 4080 1023 4150 Brisig.¹
1038 4080 1115 4136 1855.
1134 4111 1170 4122 -

961 4173 963 4176 ’
1039 4173 1053 4225 l
