2820 4688
554 457 774 518 ..47-

95 653 191 708 antem
212 647 387 706 Theocritus
417 645 572 719 proverbio
603 645 696 703 utitur
727 645 783 701 sic:
817 641 907 719 ἄμμες
932 641 953 702 δ’
976 640 1039 701 οὔτε
1065 642 1136 716 λόγω
1157 641 1228 705 τινὸς

97 742 163 810 ἄξιοι
177 742 233 802 οὐδ’
249 741 403 821 ἀριθμητοί,
419 740 544 818 δύστηνοι
558 739 703 818 Μεγαρῆες
716 739 866 817 ἀτιμοτάτῃ
882 739 920 797 ἐνὶ
934 740 1017 817 μοίρῃ
1032 739 1093 814 (14,
1108 739 1146 796 48
1162 738 1226 812 sq.).

96 841 151 900 Vel
171 841 247 913 quod
267 840 467 913 Polyphemus
487 839 675 898 Theocriteus
699 842 744 907 11,
767 837 953 909 reloquitur
978 837 1005 894 τί
1027 837 1073 894 τὸν
1095 833 1227 912 φεύγοντα

96 937 201 1001 διώκεις
221 935 315 996 iorma
339 952 407 994 usus
427 935 599 1004 masculina,
632 935 687 992 etsi
707 934 797 992 verba
816 932 863 991 τὸν
884 931 1017 1010 φεύγοντα
1037 936 1169 1004 spectant
1190 931 1228 989 ad

95 1033 264 1106 Galateam,
296 1033 368 1091 haec
392 1049 408 1090 e
429 1032 583 1104 proverbio
604 1036 719 1103 sumpta
746 1047 808 1089 esse
834 1047 867 1089 eo
893 1030 991 1089 verius
1017 1029 1156 1089 conicitur
1176 1027 1226 1101 (of.

95 1130 236 1189 lihitzsch.
263 1128 418 1203 senili),
452 1145 507 1200 quo
534 1128 656 1186 similius
682 1126 877 1186 Callimachus
904 1127 988 1197 dicit:
1021 1124 1127 1204 χούμὸς
1158 1126 1227 1200 'epos

94 1225 213 1284 τοιόσδε·
231 1225 266 1283 τὰ
287 1225 337 1300 μὲν
358 1223 491 1302 φεύγοντα
513 1223 620 1283 διώκειν
642 1222 707 1293 οἶδε,
734 1223 768 1282 τὰ
789 1222 811 1281 δ’
827 1223 856 1281 ἐν
878 1223 970 1299 μέσσῳ
991 1221 1103 1297 κείμενα
1123 1220 1226 1298 παρτέ-

95 1345 171 1381 ταται
192 1322 253 1397 (ep.
275 1325 322 1389 31,
339 1325 355 1379 5
378 1321 447 1396 sq.);
469 1337 534 1379 nam
549 1327 671 1393 propter
690 1319 768 1378 τὰδὲ
787 1322 912 1392 positum
934 1326 978 1378 est
991 1319 1025 1377 τὰ
1047 1319 1105 1394 μὲν,
1128 1335 1226 1390 quam·

97 1436 180 1492 quem
200 1436 253 1493 per
272 1436 304 1478 se
324 1418 477 1491 proverbio
499 1417 652 1476 indicando
672 1418 774 1475 melius
795 1417 993 1476 inservivisset
1012 1417 1043 1473 τὸ
1066 1414 1125 1491 μὲν.

174 1516 249 1574 Tum
280 1516 399 1575 eaedem
430 1515 506 1587 apud
534 1519 686 1585 utrumque
710 1515 848 1585 leguntur
873 1514 1115 1586 comparationes:
1147 1513 1227 1570 volut

97 1612 189 1671 Delus
209 1614 305 1671 insula
324 1612 380 1681 vel,
404 1616 437 1669 ut
456 1612 552 1684 prisco
573 1610 687 1668 nomine
706 1610 915 1685 appellabatur,
933 1607 1062 1686 Ἀστερίη
1077 1607 1227 1680 fingitura

95 1708 273 1768 Callimacho
296 1707 446 1786 οὐρανόθεν
466 1706 602 1785 φεύγουσα
619 1707 682 1771 Διὸς
701 1706 789 1781 γοίμον
810 1706 900 1783 ἀστέρι
920 1707 963 1782 ίση
985 1708 1026 1781 (4,
1050 1708 1113 1779 38);
1135 1706 1227 1779 Hylas

95 1811 190 1864 autem
220 1806 251 1863 in
282 1807 392 1864 fontem
420 1804 522 1863 incidit
548 1804 587 1867 ὡς
615 1803 660 1861 ὅτε
686 1803 786 1880 πυρσὸς
812 1800 854 1859 ἀπ’
882 1801 998 1880 οὐρανοῦ
1023 1800 1116 1878 ἤριπεν
1142 1801 1226 1878 ἀστὴρ

94 1901 195 1980 ἀθρόος
209 1901 238 1959 ἐν
252 1902 343 1977 πόντῳ
358 1905 415 1960 κτλ.
433 1903 495 1978 (13,
512 1903 549 1961 50
565 1901 631 1975 sq.),
646 1916 703 1970 quo
717 1901 780 1958 loco
794 1900 965 1958 Theocritus
979 1899 1024 1957 rei
1037 1899 1226 1957 illustrandae

94 2014 181 2056 causa
202 2000 286 2071 plura
307 1998 445 2056 adnectit.
489 1996 715 2070 Comparatioue
741 1997 814 2054 astri
836 1996 871 2053 de
893 1996 973 2053 coelo
999 1995 1112 2068 delapsi
1133 1996 1227 2053 utitur

94 2095 179 2152 etiam
212 2095 381 2167 Apollonius
411 2094 544 2153 Rhodius
576 2095 607 2166 3,
641 2094 717 2151 1376
750 2109 810 2163 sqq.
862 2091 919 2151 Vel
950 2092 986 2150 de
1019 2091 1227 2164 Erysichthone

93 2190 169 2249 fame
195 2191 332 2249 continua
356 2197 461 2249 vexato
486 2192 622 2262 legimns:
656 2188 746 2252 ὡςδὲ
768 2187 886 2263 Μίμαντι
910 2187 994 2266 χιών,
1022 2188 1061 2252 ὡς
1086 2186 1169 2264 ἀελίῳ
1190 2189 1228 2244 ἔνι

96 2285 233 2362 πλαγγών,
255 2286 301 2346 καὶ
320 2285 425 2346 τούτων
447 2289 485 2345 ἔτι
506 2290 597 2361 μεῖζον
619 2283 733 2345 ἐτάκετο
754 2285 840 2361 (Call.
863 2288 890 2349 6,
906 2286 944 2343 92
958 2286 1028 2356 sq.);
1051 2290 1082 2343 et
1094 2285 1228 2358 Daphnis

17 2406 21 2413 ·
95 2397 189 2440 amare
199 2383 330 2455 perditus
343 2383 411 2461 χιὼν
426 2383 465 2447 ὥς
478 2405 517 2447 τις
530 2382 697 2442 κατετάκετο
712 2383 817 2459 μακρὸν
829 2380 871 2459 ὑφ’
884 2380 970 2457 Αἷμον
981 2379 1087 2458 ἢἊθιο
1101 2379 1227 2456 ἢῬοδί-

95 2498 146 2536 παν
160 2477 178 2555 ἢ
193 2477 341 2538 Καύκασον
356 2478 530 2558 ἐσχατόωντα
546 2479 682 2554 (Theoar.
700 2481 726 2548 7,
743 2479 781 2537 76
796 2478 861 2552 sq.).
892 2479 934 2537 Ut
953 2477 1000 2535 hic
1014 2478 1044 2535 in
1057 2477 1113 2536 fine
1128 2493 1228 2535 versus

95 2572 267 2634 Theocritus
288 2577 383 2648 posuit
409 2575 598 2654 ἐσχατόωντα,
631 2576 674 2633 ita
695 2575 796 2633 eadem
826 2574 919 2632 forma
944 2591 1011 2632 usus
1033 2574 1226 2633 Callimachus

96 2672 224 2747 scripsit:
246 2670 359 2747 Τιτῆνες
379 2669 422 2749 ἀρ’
445 2671 560 2749 ἑσπέροο
576 2670 764 2750 ἐσχατόωντος
786 2669 916 2744 (4,174;
940 2670 975 2727 af.
993 2669 1030 2727 ad
1044 2672 1119 2728 huna
1133 2671 1227 2728 locum

96 2767 184 2827 Mein.
206 2774 237 2826 et
257 2768 403 2832 Schneid.;
431 2768 610 2826 adTheocr.
631 2768 688 2825 1.1.
709 2765 858 2838 Ahrens.).
899 2768 934 2824 In
957 2767 1012 2824 hac
1035 2775 1130 2825 autem
1152 2768 1227 2825 nivis

97 2863 311 2937 comparatione
325 2864 452 2936 praeivit
471 2864 529 2921 iam
543 2863 629 2921 Hom.
645 2884 661 2920 τ
676 2865 733 2923 205
749 2879 819 2934 sqq,
842 2879 926 2933 quem
941 2862 1034 2920 locum
1049 2863 1227 2921 Fritzschius

98 2959 206 3019 laudat.

176 3056 260 3114 Alius
281 3057 398 3127 generis
412 3056 613 3114 similitudines
631 3057 688 3114 hae
701 3060 779 3113 sunt:
802 3054 997 3113 Callimachus
1018 3072 1081 3113 oum
1100 3057 1226 3128 exponit,

99 3157 206 3224 quanto
228 3167 325 3210 amore
347 3169 417 3225 prae
438 3154 542 3211 ceteris
562 3154 695 3226 nymphis
715 3160 838 3210 matrem
859 3153 989 3211 Tiresiae
1010 3153 1076 3211 olim
1096 3154 1228 3211 Minerva

97 3249 229 3320 amplexa
248 3250 300 3317 sit,
323 3250 408 3308 dicit:
434 3249 480 3309 καὶ
501 3247 607 3309 οὔποκα
628 3249 713 3328 χωρὶς
733 3250 824 3322 ἔγεντο
847 3251 887 3323 (5,
904 3250 971 3324 59);
1003 3255 1034 3306 et
1055 3250 1227 3308 Theocritus

98 3345 134 3403 de
154 3346 279 3404 Hercule
300 3345 409 3418 Hylam
431 3353 546 3403 amante
567 3346 696 3418 scripsit:
727 3343 812 3424 χωρὶς
839 3343 861 3402 δ’
883 3343 1007 3404 οὖδέτοκ
1029 3344 1062 3422 ἧς
1083 3345 1225 3420 (13‚10).

98 3440 206 3500 Tamen
227 3442 357 3512 quamvis
370 3443 477 3501 similia
491 3443 568 3500 inter
588 3460 619 3500 se
632 3444 704 3501 haec
717 3444 809 3500 verba
828 3443 989 3514 videantur,
1011 3460 1097 3515 quam
1112 3444 1226 3502 diverso

97 3542 216 3608 uterque
237 3545 324 3610 poeta
343 3539 457 3611 ingenio
479 3539 582 3611 fuerit,
610 3557 647 3597 ex
666 3540 712 3598 his
738 3539 810 3597 locis
831 3538 963 3610 dignosci
987 3545 1092 3611 potest.
1135 3540 1227 3599 Calli·

97 3635 212 3691 machus
244 3635 320 3692 enim
351 3651 450 3694 vocem
486 3632 591 3695 οὔποκσ
623 3635 818 3694 affirmaturos
853 3653 906 3707 per
936 3638 1098 3708 complures
1128 3653 1227 3694 versus

98 3728 244 3805 (aa-64)
267 3731 350 3790 doute
371 3737 405 3790 nt
425 3732 500 3790 solet
520 3748 619 3790 earum
639 3732 752 3789 urbium
772 3731 889 3790 uomina
909 3736 1072 3802 enumerat,
1098 3733 1136 3790 ad
1157 3749 1227 3805 quas

96 3833 179 3885 uecta
198 3827 365 3891 πολλάκιςτί
386 3828 490 3904 δαίμων
511 3850 549 3886 νιν
570 3828 608 3886 ἐῶ
630 3827 780 3904 ἐπεβήσατο
803 3826 888 3905 δίφροι
910 3828 987 3903 (65).
1015 3830 1110 3888 Aliter
1130 3836 1226 3889 autem

98 3923 269 3983 Theocritus
300 3940 381 3982 suum
407 3926 578 3983 vocabulum
604 3923 741 3984 οὐδέποκα
769 3926 804 3983 de
825 3927 1002 3997 temporibus
1026 3926 1071 3983 ita
1091 3927 1226 3998 explicat,

96 4025 129 4077 ut
148 4021 342 4094 mythologice
362 4022 448 4081 rebus
468 4039 532 4079 cum
546 4022 608 4080 vita
622 4021 768 4080 cotidiana
788 4021 947 4079 coniunctis
968 4020 1086 4096 (Couat.
1107 4040 1135 4095 p.
1152 4022 1226 4098 435)

99 4115 177 4176 dicat
197 4117 352 4177 Herculem
385 4119 447 4177 sine
467 4117 549 4191 Hyla
578 4119 668 4178 fuisse
698 4134 792 4190 neque
821 4122 895 4191 tum,
927 4133 991 4175 cum
1022 4133 1146 4178 summus
1167 4121 1228 4180 dics
