2820 4688
651 397 976 460 -20-·

184 591 293 650 stantia
314 593 426 662 poetae,
448 588 482 661 si,
505 592 657 660 postquam
671 588 703 645 in
717 587 843 645 carmine
858 583 935 644 XIV
949 583 1170 656 Philadelphum
1190 582 1323 641 laudavIt

186 687 238 761 (59
271 687 347 760 sqq.)
382 686 498 757 eIusque
532 684 742 743 liberalitatem
773 681 956 755 praedicavit
987 680 1055 755 (632
1091 681 1204 742 πολλοῖς
1233 677 1323 736 πολλὰ

185 781 301 858 διδούς),
334 781 437 840 deinde
457 781 489 839 in
509 798 534 839 c.
555 779 631 840 XVI
651 780 806 839 avaritiam
833 782 1004 849 conquestus
1029 776 1095 851 (17:
1128 774 1192 833 οὐδέ
1213 797 1261 834 κεν
1284 775 1322 832 ἰὸν

185 879 335 958 ἀποτρίψας
355 877 404 937 τινὶ
426 876 500 953 δοίη)
522 877 718 949 quaesivisset,
740 877 786 934 cui
807 876 972 934 mortalium
993 875 1105 933 veniret
1126 871 1324 950 κεχαρισμένος

186 977 262 1053 (68),
285 983 386 1050 postea
405 990 476 1033 vero
496 973 617 1031 eundern
638 989 735 1045 regem
756 973 786 1030 iu
808 988 833 1031 c.
854 970 942 1030 XVII
963 971 1070 1028 iterum
1090 971 1209 1028 summis
1229 969 1323 1028 laudi·

184 1076 238 1132 bus
269 1069 453 1145 extulisset¹).
500 1068 576 1129 Nam
608 1085 644 1126 ne
675 1069 739 1139 quis
770 1072 899 1140 opponat
928 1072 1054 1138 poetam,
1087 1084 1151 1125 cum
1182 1067 1325 1125 scriberet

188 1187 215 1230 c.
230 1169 312 1241 XIV,
333 1184 429 1241 regem
443 1183 502 1225 non
515 1166 630 1239 penitus
644 1166 791 1236 cognitum
812 1164 956 1228 habuisse.
977 1180 1036 1221 uon
1049 1163 1217 1222 blandiendi
1238 1179 1326 1222 cansa

187 1282 279 1338 neque
310 1266 443 1323 universe
473 1267 595 1331 tantum,
627 1265 659 1319 ut
680 1259 769 1318 fitin
800 1260 951 1330 laudando,
983 1260 1170 1331 praedicatur
1195 1260 1325 1318 versibus
1392 1294 1395 1306 ·

186 1364 221 1421 61
245 1379 305 1433 sqq.
349 1360 426 1418 Mire
457 1359 533 1417 enim
559 1358 724 1417 Passowius
756 1356 847 1431 (1.1.)
879 1357 1027 1415 iudicabat
1057 1357 1153 1415 verhIs
1185 1356 1268 1415 αἰτεῖν
1294 1356 1325 1413 δὲ

186 1461 229 1519 δεῖ
246 1457 297 1517 οὐκ
318 1456 361 1515 ἐπὶ
380 1454 461 1514 παντί
481 1455 533 1530 (vs.
558 1455 610 1529 64)
630 1456 788 1527 perstringi
808 1455 887 1526 regis
902 1455 1050 1526 ingenium
1071 1470 1204 1526 parcum;
1226 1455 1323 1526 potius

185 1560 237 1613 aut
257 1571 322 1612 cum
342 1553 392 1611 Fr.
415 1553 549 1612 Jacobsio
571 1552 661 1627 (apud
683 1551 841 1610 Wuestem.
867 1568 896 1622 p.
919 1552 977 1607 212
999 1551 1036 1609 ad
1056 1568 1098 1609 vs.
1122 1550 1173 1624 64)
1200 1567 1254 1622 pro
1275 1551 1325 1609 ad·

186 1651 343 1709 monitione
364 1648 532 1721 accipleuda
551 1652 631 1714 sunt,
663 1663 700 1704 ne
721 1648 785 1719 quis
805 1646 1002 1705 munificentia
1023 1647 1084 1706 eius
1105 1647 1253 1720 abutatur,
1276 1653 1325 1705 ant

186 1752 331 1806 testantur
351 1746 434 1804 nohis
455 1744 625 1802 interiorem
645 1744 734 1802 animi
756 1745 958 1816 cognitionem.

266 1843 364 1916 Quare
384 1843 440 1900 nisi
454 1842 640 1915 impeditiora
660 1842 872 1914 praeferuntur,
894 1841 1136 1914 simplicissimum
1158 1847 1202 1900 est
1215 1858 1325 1914 ponere

186 1956 302 1998 carmen
323 1939 394 1996 XIV
416 1944 447 1997 et
477 1939 570 2010 ipsum
601 1943 667 2010 post
689 1956 715 1996 a.
738 1940 797 1997 270
819 1939 1029 2008 Alexandriae,
1062 1943 1213 2010 postquam
1239 1944 1327 2011 poeta

187 2038 216 2093 in
237 2035 424 2107 Philadelphi
454 2036 582 2107 gratiam
602 2035 691 2107 venit,
724 2036 863 2109 scriptum
885 2052 949 2095 esse
974 2035 1061 2106 idque
1092 2034 1218 2092 fortasse
1240 2035 1325 2106 paulo

186 2137 254 2190 ante
282 2148 306 2190 ο.
332 2131 435 2204 XVII,
468 2133 535 2203 quia
565 2132 595 2188 in
626 2133 680 2189 hoc
705 2132 805 2190 laudes
832 2132 991 2190 Ptolemaei
1016 2131 1108 2189 multo
1134 2129 1327 2203 amplificatae

186 2235 261 2288 suut.
285 2261 321 2272 -
903 2278 905 2282 Α

268 2326 370 2396 Neque
384 2326 469 2397 plura
484 2329 549 2383 sunt
564 2342 636 2396 quae
658 2326 693 2384 de
714 2328 839 2384 carmine
854 2326 912 2385 XV
932 2325 1064 2398 proferre
1084 2326 1163 2383 licet.
1205 2325 1270 2382 Hoc
1291 2338 1326 2380 cx

186 2423 304 2495 ingenio
325 2426 507 2494 procreatum
528 2437 597 2478 vere
616 2422 731 2493 poetico
761 2439 825 2480 cum
850 2428 913 2480 arte
936 2423 1036 2481 subtili
1055 2421 1156 2479 laudes
1177 2420 1326 2493 praedicet

188 2523 219 2576 et
231 2517 418 2590 Philadelphi
439 2523 470 2576 et
483 2517 606 2575 maxime
620 2516 767 2576 Arsinoae
788 2521 886 2577 uxoris
907 2525 936 2578 et
957 2519 1064 2578 sororIs
1086 2517 1160 2592 (110
1175 2515 1240 2591 sq),
1261 2522 1328 2589 post

189 2615 306 2686 nuptias
332 2619 448 2686 etpost
469 2631 494 2673 c.
516 2612 598 2686 XVI,
619 2613 639 2673 1.
661 2631 687 2673 e.
709 2621 775 2686 post
796 2632 821 2673 a.
846 2616 904 2673 270
930 2617 1023 2688 ipsum
1049 2629 1161 2687 quoqne
1188 2614 1328 2686 scriptum

188 2715 242 2770 est.
284 2710 386 2782 Neque
408 2725 524 2768 causam
543 2710 649 2780 habeo,
673 2727 724 2768 cur
744 2712 829 2784 longe
852 2730 870 2771 a
890 2718 1020 2785 ternpore
1041 2711 1176 2769 carminis
1190 2711 1277 2768 XVII
1298 2710 1328 2767 id

190 2809 298 2866 distare
319 2812 432 2881 putem;
454 2806 540 2865 immo
563 2807 688 2866 fortasse
709 2824 766 2866 non
785 2811 876 2867 multo
897 2813 965 2880 post
986 2809 1174 2880 compositum
1196 2814 1248 2866 est.
1285 2807 1328 2866 Ut

188 2905 264 2963 enim
284 2904 313 2960 in
335 2920 358 2962 c.
374 2904 466 2963 XVII
480 2905 581 2963 laudes
596 2905 685 2962 solius
706 2905 768 2964 fere
782 2905 967 2979 Philadelphi
981 2907 1087 2975 insunt,
1109 2906 1153 2963 ita
1175 2905 1206 2963 in
1221 2923 1245 2963 c.
1260 2904 1325 2976 XV,

189 3001 244 3059 etsi
265 3017 320 3058 uon
334 3004 448 3058 tacetur
462 3001 497 3060 de
519 3018 585 3073 rege
608 3002 660 3074 (cf.
682 3019 722 3060 vs.
739 3003 787 3062 22.
809 3004 848 3061 46
863 3005 948 3077 sqq),
971 3009 1069 3061 tamen
1090 3003 1208 3074 reginae
1229 3009 1328 3076 partes

189 3097 317 3170 potiores
339 3098 520 3168 tribuuntur,
553 3103 632 3156 certe
653 3101 781 3171 potiores
803 3117 887 3171 quarn
909 3101 939 3158 iu
961 3117 985 3159 c.
1007 3099 1113 3165 XVII;
1146 3116 1212 3156 nam
1235 3100 1272 3157 ah
1293 3117 1328 3157 ea

190 3193 293 3251 festum
314 3192 459 3251 Adonidis
480 3194 623 3253 celebrari
643 3202 780 3254 narratur
800 3214 842 3256 vs.
865 3199 903 3256 23
925 3215 982 3268 sq:
1010 3195 1103 3255 ἀκούω
1125 3200 1221 3274 χρῆμα
1243 3195 1328 3255 καλόν

188 3313 213 3348 τι
238 3293 349 3364 κοσμεῖν
375 3289 423 3347 τᾶν
449 3289 613 3367 {taciturum
646 3298 676 3349 at
697 3292 733 3351 cf.
755 3310 799 3352 vs,
830 3296 886 3353 109
908 3311 969 3366 sqq.
1011 3293 1195 3366 Quapropter
1228 3294 1330 3352 videor

188 3386 260 3445 mihi
273 3403 331 3444 non
344 3389 430 3446 nimis
445 3388 583 3446 audacter
596 3394 725 3448 statuere
740 3391 925 3449 Theocritum
940 3397 1007 3463 post
1022 3407 1122 3462 regem
1143 3391 1174 3448 in
1196 3407 1219 3449 c.
1236 3390 1330 3451 XVII

188 3483 382 3541 collaudatum
417 3485 595 3543 occasionem
629 3488 786 3559 arripuIsse
824 3489 940 3560 regmae
980 3503 1091 3560 qnoque
1131 3487 1329 3547 laudationem

190 3580 429 3655 dicandi(seh01.
451 3582 625 3655 inaugura:
648 3581 826 3660 χαριζόμενος
846 3585 881 3661 τῇ
902 3584 1035 3660 βασιλίδι).

274 3677 416 3750 Spohnins
437 3683 534 3735 autem
556 3678 596 3753 (p.
614 3680 630 3736 3
646 3678 722 3753 sqq.)
743 3685 773 3736 et
793 3680 1037 3738 Wuestemannus
1059 3680 1102 3755 (p.
1118 3680 1190 3755 215)
1212 3697 1331 3739 carmen

191 3776 222 3833 in
248 3773 348 3833 Sicilia
378 3775 478 3833 statim
509 3781 575 3847 post
603 3792 628 3833 a,
653 3776 721 3845 275,
748 3776 766 3833 i.
790 3793 815 3837 e.
841 3777 941 3834 statim
970 3782 1036 3849 post
1067 3783 1172 3850 poetae
1203 3778 1330 3835 reditum

192 3870 330 3943 scriptum
356 3887 417 3929 esse
449 3871 655 3930 existimabant
680 3873 772 3931 secuti
799 3873 975 3932 Passowium
1001 3873 1101 3948 (1.1),
1133 3874 1182 3945 qui
1206 3876 1332 3947 negabat

263 4088 283 4156 ¹)
303 4086 381 4141 Idem
399 4087 474 4142 cadit
491 4088 521 4142 in
540 4103 564 4143 c.
582 4087 640 4144 XV.
662 4119 692 4129 -
