2820 4688
605 436 827 499 ..46-

148 630 216 697 apte
237 625 333 699 posita
353 629 434 687 sunt:
461 640 554 694 neque
575 625 666 697 igitur
680 625 796 699 aptiora
817 630 913 684 essent
926 626 998 683 haec
1019 624 1191 684 aJacohsio
1212 641 1279 684 con·

146 721 235 778 iecta:
269 719 322 794 ἐγὼ
345 721 374 778 δὲ
394 719 468 778 θεῶν
488 719 571 798 ὑποφ.
611 721 693 795 Quae
718 737 804 780 causa
823 721 892 790 fnit,
926 738 978 778 cnr
997 720 1159 779 hlainelxius
1181 737 1279 792 qnam·

148 817 192 874 vis
214 816 382 875 dubitanter
394 822 569 888 proponeret
589 815 643 890 ἐγὼ
666 815 695 874 δὲ
715 817 762 874 τεῦ
784 815 823 874 ὢν
844 815 925 893 ὑποφ.
947 821 978 874 et
1002 816 1135 875 similiter
1148 817 1279 875 Hillerus

146 911 200 986 ἐγὼ
222 910 244 969 δ’
267 913 311 976 ἑὸς
331 911 370 970 ὢν
391 911 473 988 ὑποφ.
505 912 590 970 Haec
610 917 706 971 autem
727 913 921 984 requirebant,
946 912 1038 983 ,quod
1052 910 1193 988 ὑποφήτης
1212 913 1279 970 1)οαί

146 1010 302 1081 scriptores
323 1014 354 1068 et
378 1010 441 1082 ipse
463 1008 637 1067 Theocritus
663 1025 720 1067 non
750 1009 850 1067 dicunt
870 1009 926 1066 nisi
952 1008 1050 1066 addito
1076 1008 1208 1081 genetivo
1232 1009 1279 1067 dei

145 1105 262 1175 deaeve,
285 1105 365 1165 cuius
387 1105 450 1177 quis
475 1106 619 1178 interpres
641 1110 702 1164 est“
725 1105 827 1180 (Mein.
848 1122 876 1177 p.
899 1104 985 1179 492).
1027 1105 1068 1162 At
1086 1105 1147 1162 tale
1169 1105 1280 1176 aliquid

146 1202 239 1260 simile
264 1204 320 1262 hoc
345 1219 458 1273 quoqne
482 1203 547 1261 loco
578 1202 716 1260 vocabulo
748 1200 889 1277 ὑποφήτης
914 1206 948 1258 ut
972 1200 1041 1258 addi
1066 1200 1195 1273 potuisse
1222 1217 1278 1259 non

145 1314 229 1371 nego,
251 1299 294 1356 ita
313 1299 382 1357 addi
404 1299 535 1357 debuisse
554 1316 612 1357 non
632 1299 830 1357 indicaverim.
872 1298 990 1356 Etenim
1011 1297 1088 1367 qnod
1105 1296 1278 1356 Theocritus

147 1393 193 1463 16,
216 1394 254 1451 29
281 1394 397 1466 scripsit
422 1392 561 1452 Μουσάων
585 1427 620 1436 -
643 1394 730 1472 ἱεροὺς
757 1393 897 1470 ὑποφήτας
928 1399 959 1452 et
985 1394 1031 1466 11,
1057 1396 1112 1452 115
1139 1391 1277 1452 Μουσάων

150 1487 171 1547 δ’
187 1489 330 1567 ὑποφῆται,
353 1492 378 1548 ai
392 1491 455 1561 quis
469 1492 547 1550 locos
561 1491 729 1562 inspexerit,
752 1491 858 1550 sentiet
871 1490 977 1548 omissa
991 1489 1140 1548 Musarum
1160 1492 1278 1550 notione

145 1602 203 1644 non
230 1603 384 1660 apparere,
418 1587 497 1645 cuius
523 1587 711 1659 intellegendi
736 1588 795 1645 sint
815 1585 958 1663 ὑποφῆται.
1000 1587 1082 1657 Quod
1102 1587 1179 1646 idem
1199 1588 1278 1647 cadit

143 1684 174 1740 in
195 1684 267 1741 alios
287 1684 367 1743 locos
388 1682 440 1758 (cf.
461 1685 543 1741 Aret.
569 1684 633 1741 164.
656 1681 755 1756 Apoll.
778 1683 870 1740 Rhod.
895 1687 920 1754 1,
946 1684 1031 1741 1311.
1074 1683 1218 1744 Ehitzsch.
1240 1684 1278 1742 ad

143 1779 266 1840 Theocr.
292 1781 337 1849 16,
360 1779 421 1854 29).
462 1780 506 1838 At
526 1781 556 1838 in
577 1780 672 1838 verbis
693 1778 751 1837 εἰπὲ
771 1777 838 1852 θεά,
865 1779 896 1837 σὺ
917 1778 969 1856 γὰρ
990 1771 1082 1851 οἶσθα,
1109 1778 1164 1853 ἐγὼ
1186 1779 1217 1837 δὲ
1238 1812 1276 1822 -

144 1873 285 1952 ὑποφήτης
305 1874 456 1952 φθέγξομαι
475 1910 514 1919 -
536 1876 617 1934 cuius
636 1877 824 1949 interpretem
845 1881 932 1950 poeta
952 1893 983 1935 sa
1002 1876 1144 1943 nominet,
1169 1876 1278 1934 nemini

143 1976 240 2044 potest
271 1989 334 2030 esse
365 1974 523 2031 obscurum.
566 1974 660 2044 Quare
691 1990 744 2046 ago
768 1973 914 2032 Meinehio
944 1990 1002 2032 non
1032 1973 1153 2031 oboedio
1183 1988 1276 2044 neque

142 2067 335 2127 oboedivisset
348 2068 559 2140 Lachmannns,
581 2070 630 2140 qui
644 2070 703 2127 iam
722 2087 748 2128 a.
772 2072 848 2128 1816
869 2075 1060 2143 proposuerat
1080 2067 1133 2143 ἐγὼ
1149 2065 1171 2126 δ’
1185 2067 1275 2126 ἐπέων

142 2164 225 2242 ὑποφ.
268 2165 414 2241 (Propert.
435 2185 464 2240 p.
486 2168 525 2226 90
545 2169 610 2241 sq).
657 2167 724 2225 Hae
750 2167 934 2225 coniecturae
955 2184 1054 2226 omnes
1077 2166 1146 2224 inde
1170 2169 1275 2224 enatae

85 2300 90 2309 ·
142 2265 219 2328 sunt,
240 2261 316 2332 quod
330 2263 473 2335 putabant
491 2262 591 2340 ἐπέρων
613 2280 676 2321 esse
690 2263 852 2336 genetivum
866 2279 950 2335 quem
965 2262 1275 2322 dicuntsubiectivum.

139 2357 224 2416 Viam
265 2375 333 2418 vero
373 2359 517 2419 diversam
555 2361 699 2432 ingressus
736 2360 969 2419 Hemsterhusius
1010 2360 1120 2432 primus
1157 2359 1274 2432 scripsit

142 2453 243 2530 ἑτέροις
269 2454 446 2532 proscipere
473 2456 555 2527 cique
575 2455 739 2514 Ahrsnsius
765 2457 896 2515 assensit.
937 2456 1000 2528 Ego
1031 2471 1143 2527 quoque
1175 2470 1274 2513 assen-

142 2552 224 2619 tirer,
246 2552 272 2609 si
286 2553 473 2611 mutationem
495 2554 569 2611 hanc
588 2570 647 2612 non
661 2553 784 2622 facilem,
806 2554 911 2627 quippe
932 2569 989 2624 qua
1003 2552 1100 2610 mendi
1120 2551 1202 2624 origo
1216 2568 1273 2609 non

142 2647 312 2720 explicetur,
334 2651 527 2708 necessariam
542 2667 604 2708 esse
618 2650 687 2707 mihi
707 2651 918 2723 persuaderem.
961 2649 1003 2708 Ut
1022 2648 1151 2707 breviter
1165 2648 1272 2707 dicam:

140 2744 272 2815 equidem
293 2761 358 2802 cum
378 2746 553 2819 Kiesslingio
578 2752 648 2820 puto
673 2746 774 2824 ἑτέρων
796 2747 965 2805 vocabulum
991 2762 1047 2804 non
1072 2744 1271 2816 temptandum

138 2857 201 2898 esse
229 2847 260 2899 et
286 2843 453 2914 genetivum
483 2843 707 2916 intellegendum
733 2854 795 2902 esse
821 2843 1005 2901 obiectivum:
1038 2841 1085 2899 dic
1108 2841 1207 2910 Musa,
1239 2845 1272 2898 tu

138 2937 214 2994 enim
235 2938 306 3003 scis,
339 2954 393 3010 ego
414 2955 483 2996 vero
505 2939 648 3012 interpres
666 2939 731 2998 aliis
753 2940 926 2998 constitutus
947 2940 1070 2996 cantabo
1093 2945 1163 3005 etc.;
1186 2954 1271 3010 quam

142 3033 262 3091 eandem
283 3035 455 3093 sententiam
477 3035 670 3095 Callimachus
690 3036 847 3108 expressit:
881 3035 939 3093 εἰπὲ
959 3034 1025 3105 θεά,
1051 3033 1083 3093 οὑ
1105 3033 1154 3109 μὲν
1175 3031 1268 3109 ἄμμιν,

139 3127 193 3203 ἐγὼ
209 3126 231 3186 δ’
248 3129 374 3207 ἑπέφοισιν
389 3129 479 3190 ἀείσω.
515 3130 606 3190 Vides
627 3149 690 3190 mea
704 3133 944 3206 interpretatione
957 3134 1052 3190 locum
1065 3132 1270 3189 Theocriteum

139 3224 316 3284 Callimacho
338 3228 427 3285 etiam
447 3229 615 3288 similiorem
635 3229 714 3295 heria
746 3235 777 3287 at
798 3229 923 3287 imitatio
948 3229 1067 3286 alterins
1091 3244 1149 3286 non
1179 3243 1269 3300 agno-

136 3321 243 3378 scenda
264 3327 308 3380 est
321 3322 351 3379 in
365 3323 412 3381 his
425 3325 575 3383 sententiis
589 3341 645 3383 non
667 3326 825 3396 inusitatis;
849 3325 992 3383 Pindarus
1012 3324 1125 3397 quidem
1141 3322 1267 3382 dixerat:

138 3415 270 3491 μαντεύεο
292 3416 394 3492 Μοῖσα,
426 3418 605 3497 προφατεὺσω
627 3419 649 3478 δ’
676 3420 730 3495 ἐγώ
763 3420 828 3494 (srg.
858 3423 913 3479 ll8
935 3419 1089 3493 Boeckh.);
1120 3417 1155 3477 cf.
1182 3419 1266 3478 Hom.

135 3514 159 3571 B
182 3515 240 3573 484
262 3531 337 3587 sqq.;
357 3514 455 3588 Apoll.
478 3517 570 3575 Rhod.
593 3520 621 3587 4,
647 3518 722 3576 1379
744 3534 802 3589 sqq.

214 3611 345 3684 Uterque
366 3614 458 3685 igitur
478 3619 566 3686 poeta
593 3614 712 3672 eandem
739 3614 774 3672 de
795 3614 887 3672 Musis
913 3614 1085 3672 sententiam
1113 3613 1267 3686 expressit,

135 3708 296 3778 seutella,
328 3724 403 3780 quae
423 3710 499 3767 alter
520 3711 679 3768 communia
704 3710 794 3768 habet
814 3727 878 3769 oum
899 3711 1006 3780 altero;
1038 3711 1118 3769 velut
1138 3710 1210 3768 illud
1231 3709 1266 3768 de

134 3800 357 3873 Megarensibus
382 3806 442 3863 sive
464 3807 655 3878 Aegiensibus
678 3807 727 3883 (cf.
749 3807 828 3866 snm.
850 3824 874 3866 s.
895 3825 921 3865 u.
943 3807 1019 3882 ὑμεῖς
1043 3806 1066 3865 ὦ
1087 3805 1171 3881 Mar.)
1196 3824 1266 3880 pro-

134 3898 277 3969 verbium,
305 3900 407 3972 quihus
428 3903 631 3974 quaerentibus
651 3903 760 3976 Pythia
784 3904 973 3975 responderat
998 3921 1060 3963 esse
1085 3920 1134 3961 eos
1159 3899 1214 3961 οὔτ’
1237 3902 1266 3960 ἐν

135 3993 207 4071 λόγῳ
234 3992 289 4053 οὔτ’
318 3996 347 4054 ἐν
378 3996 496 4074 ἀριθμῷ.
537 4000 632 4070 Atque
658 3998 851 4057 Callimachus
881 3998 966 4059 dicit:
998 4003 1047 4076 τῆς
1078 3999 1107 4057 δὲ
1135 3997 1267 4077 ταλαίνης

134 4089 241 4168 νύμφης
262 4091 300 4156 ὡς
323 4089 473 4170 Μεγαρέων
495 4091 526 4152 οὔ
548 4093 626 4169 λόγος
649 4091 704 4152 οὔτ’
725 4092 841 4171 ἀριθμός
861 4095 927 4169 (Ep
950 4096 1031 4167 25‚5
1052 4096 1266 4171 sq.);liberi1ls
