2820 4688
644 416 860 479 ,5ο-

180 609 212 667 in
225 608 301 669 Nub.
325 607 416 683 (1079
431 607 507 683 sqq.)
530 606 608 680 λόγος
629 604 721 670 ἄδικος
742 605 857 664 suadet:
881 606 977 683 μοιχὸς
990 605 1040 683 γὰρ
1061 604 1095 682 ἢν
1116 605 1202 685 τύχῃς
1223 603 1313 676 ἁλούς,

181 706 240 763 τάδ’
269 704 388 782 ἀντερεῖς
412 704 480 781 πρὸς
506 701 596 772 αὐτόν,
618 703 656 767 ὡς
682 701 759 760 οὐδὲν
780 701 925 779 ἠδίκηκας·
954 700 999 760 εἶτ’
1026 701 1063 766 εἰς
1083 702 1130 761 τὸν
1151 697 1194 762 Δί
1216 703 1315 762 ἐπανε-

182 805 293 878 νεγκεῖν,
316 801 442 865 κάκεῖνος
462 800 501 864 ὡς
521 800 610 876 ἥττων
632 799 733 877 ἔρωτός
754 799 809 858 ἐστι
830 798 875 859 καὶ
894 800 1040 874 γυναικῶν;
1063 801 1111 860 vel
1125 801 1315 873 Asclepiades

182 897 288 974 (Anah.
304 897 367 956 Pal.
383 898 421 970 V,
438 897 489 970 64)
511 896 595 954 dicit:
617 894 691 955 ἕλκει
710 894 762 973 γάρ
778 893 835 971 μ’ἶν
856 897 964 974 κρατῶν
984 895 1030 954 καὶ
1044 896 1092 954 coir
1113 892 1229 974 decepi
1249 917 1316 954 ποτε

182 993 309 1067 πεισθείς,
333 992 396 1065 Ζεῦ,
424 992 467 1051 διὰ
484 990 622 1071 χαλκείων
643 993 744 1070 χρυσὸς
764 994 825 1056 ito<
844 991 993 1067 θαλάμωνς
1016 994 1104 1052 Anth.
1124 993 1185 1051 Pal.
1208 993 1247 1064 V,
1269 993 1315 1051 34.

185 1093 250 1149 100.
276 1091 340 1149 109.
367 1091 421 1147 125
444 1092 513 1157 ete.;
535 1089 633 1161 hymn.
655 1089 730 1147 hom.
752 1090 781 1156 4,
804 1089 842 1147 36
863 1105 940 1161 sqq.;
962 1090 1001 1149 al.

262 1187 298 1246 In
328 1187 373 1245 his
398 1185 487 1258 igitur
509 1185 703 1245 Callimachus
729 1190 759 1244 et
779 1184 951 1245 Theocritus
976 1187 1048 1245 nihil
1070 1204 1218 1247 commune
1239 1188 1318 1248 inter

184 1302 215 1344 se
236 1284 352 1342 habent.
376 1314 414 1325 -
435 1281 480 1341 At
499 1283 576 1354 quod
597 1284 645 1341 hic
672 1283 707 1341 de
727 1283 882 1354 Berenice,
904 1290 998 1343 matre
1016 1284 1218 1359 Philadelphi,
1246 1287 1318 1345 dicit

185 1381 311 1459 ἀρίζηλος
326 1378 457 1458 Βερενίκα
473 1382 535 1454 (17,
553 1380 613 1456 57),
636 1380 672 1440 de
686 1381 924 1440 Wilamouitzius
931 1379 953 1456 ¹)
976 1383 1087 1441 censuit
1106 1384 1183 1442 hunc
1202 1399 1318 1442 uersum

184 1496 202 1539 a
224 1478 401 1538 Caffimacho
423 1478 454 1535 in
474 1478 641 1536 memoriam
661 1482 828 1536 revocatum
849 1493 920 1550 esse,
943 1495 1007 1537 cum
1028 1479 1064 1538 de
1077 1479 1218 1539 Berenice
1239 1484 1319 1539 certe

184 1578 255 1649 alia,
288 1577 411 1635 fortasse
433 1575 604 1649 Cyrenensi,
637 1591 710 1646 quae
737 1591 842 1648 sponsa
861 1581 926 1633 erat
945 1576 1127 1650 Euergetas,
1161 1577 1318 1635 scriberet:

185 1672 284 1732 εὐαίων
306 1672 334 1730 ἐν
356 1673 434 1730 πᾶσιν
456 1670 581 1749 ἀρίζαλος
602 1669 735 1749 Βερενίκα
757 1672 861 1748 (epigr.
878 1671 941 1748 51).
969 1671 1097 1732 Concedi
1117 1678 1215 1746 potest
1229 1672 1319 1733 Calli·

185 1771 319 1828 machum
345 1769 507 1828 fortassee
533 1769 736 1827 recordatione
762 1785 863 1827 versus
888 1770 956 1826 olim
981 1769 1051 1828 lecti
1071 1769 1147 1828 idem
1168 1769 1319 1844 epitheton

185 1868 327 1942 posuisse;
358 1872 455 1939 potest
487 1867 577 1925 etiam
607 1866 686 1925 casui
717 1867 874 1925 similitudo
906 1867 1013 1925 deberi.
1065 1866 1188 1927 Poetam
1223 1872 1320 1927 autem

186 1980 291 2022 nomen
322 1961 447 2040 ἀρίζαλος
478 1963 644 2036 repetiisse,
676 1967 710 2020 ut
740 1964 864 2021 alteram
895 1963 1055 2022 Berenicen
1085 1968 1224 2036 aequaret
1255 1982 1320 2023 eum

186 2061 288 2133 altera,
304 2059 358 2136 θεᾷ
373 2057 496 2137 σωτείρᾳ,
511 2064 664 2132 propterea
678 2076 735 2118 non
748 2060 920 2133 putaverim,
940 2061 1017 2132 quod
1030 2077 1122 2133 neque
1136 2060 1166 2118 in
1179 2061 1319 2121 vocabulo

186 2156 310 2234 ἀρίζαλος
340 2157 494 2229 quidquam
525 2157 671 2228 singulare
698 2155 862 2229 agnoscitur
887 2162 918 2215 et
937 2157 1054 2215 dubium
1076 2162 1133 2228 est,
1165 2174 1204 2215 an
1228 2158 1320 2218 verba

186 2254 360 2314 Theocritea
385 2271 401 2312 e
429 2257 565 2312 contextu
592 2258 706 2326 sumpta
733 2258 793 2312 tam
818 2258 887 2311 nota
919 2254 1040 2326 fuerint,
1070 2260 1104 2313 ut
1124 2252 1321 2313 Callimachus

186 2352 229 2408 uti
250 2352 292 2409 eis
313 2355 411 2423 posset
436 2349 591 2408 memoriae
612 2349 790 2408 revocandae
812 2365 907 2408 causa.
950 2348 1009 2408 Sed
1034 2349 1150 2409 etiamsi
1175 2350 1230 2409 hoc
1254 2351 1319 2410 viro

187 2449 272 2506 docto
299 2447 485 2516 concedatur,
517 2451 614 2505 tamen
644 2447 816 2505 vocabulum
840 2451 997 2519 propterea
1028 2463 1139 2519 quoquc
1164 2448 1321 2520 repetitum

65 2580 70 2592 ·
188 2560 264 2614 esse,
296 2547 329 2601 ut
349 2542 503 2600 Theocrito
524 2541 707 2599 blandiretur
727 2543 807 2614 signo
829 2548 975 2614 tamquam
1002 2543 1218 2615 approbationis
1242 2543 1320 2616 dato,

186 2641 218 2699 id
238 2655 321 2712 nego,
356 2639 424 2710 quia
444 2639 474 2696 in
494 2638 638 2696 Berenice
664 2654 721 2696 non
742 2639 842 2697 eadem
868 2639 918 2697 sed
939 2639 997 2697 alia
1022 2640 1195 2699 celebranda
1214 2639 1321 2698 mirum

188 2742 265 2796 esset
285 2736 525 2807 blandimentum,
549 2735 633 2806 quasi
653 2735 827 2793 Theocritus
847 2735 878 2793 in
900 2751 951 2793 suo
972 2751 1058 2794 versu
1079 2736 1189 2808 aliquid
1209 2732 1324 2810 egregii

188 2841 219 2892 et
249 2833 372 2892 inauditi
397 2833 584 2890 enuntiasset.
627 2832 706 2903 Quae
728 2847 792 2889 cum
812 2832 855 2889 ita
879 2832 951 2902 sint,
984 2831 1022 2889 ad
1048 2831 1084 2889 de
1104 2832 1324 2893 Wilamowitzii

189 2931 360 2991 sententiam
391 2929 606 3002 approbandam
637 2944 712 2987 nee
739 2928 838 2987 demea
870 2928 984 3000 quidem
1015 2928 1140 2987 dialecto
1165 2929 1324 3002 quidquam

189 3027 383 3097 concluditur,
415 3042 472 3097 qua
494 3025 686 3084 Callimachus
717 3042 773 3083 non
800 3026 831 3082 in
855 3026 910 3082 hoc
938 3025 1148 3097 epigrammate
1173 3027 1234 3085 solo
1254 3042 1325 3085 usus

189 3130 234 3184 est
255 3124 305 3199 (ef.
328 3123 419 3197 epigr.
441 3123 490 3182 55.
512 3123 557 3181 59.
582 3120 647 3196 60);
679 3120 777 3179 dorice
804 3122 942 3194 scriptum
969 3127 1013 3179 est
1040 3121 1127 3180 etiam
1155 3121 1244 3194 epigr.
1267 3123 1322 3181 46:

190 3222 228 3285 ὡς
249 3219 353 3294 ἀγαθὰν
375 3217 549 3296 Πολύφαμος,
572 3219 648 3290 quod
662 3217 786 3277 fortasse
807 3218 843 3277 ad
858 3218 1046 3278 Theocritum
1066 3219 1212 3292 respicere
1233 3235 1325 3293 supra

190 3318 259 3377 dixi.
283 3351 319 3360 -
342 3317 378 3376 In
397 3317 515 3389 reliquis
536 3321 630 3374 autem
654 3331 726 3387 quae
746 3316 885 3385 tractari,
908 3315 980 3373 nihil
1007 3315 1224 3375 necessitudinis
1245 3316 1326 3376 inter

189 3419 343 3486 utrumque
364 3419 479 3487 poetam
500 3413 693 3471 demonstrari
715 3416 825 3483 potest,
853 3411 908 3470 nisi
928 3411 1005 3471 forte
1025 3427 1095 3472 vere
1116 3414 1219 3485 statui,
1246 3414 1324 3484 quod

189 3529 242 3584 pro
273 3528 342 3569 vero
368 3510 508 3568 affirmari
532 3510 641 3581 nequit,
664 3509 870 3566 Callimachum
901 3509 933 3565 in
957 3509 1053 3567 verbis
1078 3505 1160 3566 ἄλλον
1182 3505 1222 3566 ἐπ’
1246 3506 1324 3587 ἄλλῳ

192 3607 302 3685 βάλλων
324 3606 397 3666 ὠκὺν
419 3605 506 3663 ὀϊστόν
527 3606 569 3680 (9,
595 3608 647 3662 101
671 3606 727 3680 sq.)
749 3605 952 3676 aliquomodo
979 3606 1010 3663 in
1030 3605 1170 3664 memoria
1190 3606 1320 3666 tenuisse

192 3722 267 3777 quae
278 3703 450 3763 Theocritus
464 3703 500 3760 de
512 3703 596 3760 leone
606 3702 751 3761 Nemeaeo
766 3701 919 3760 interfecto
935 3701 1129 3775 descripserat
1142 3702 1174 3760 iu
1188 3717 1211 3759 c.
1225 3700 1324 3773 XXV,

192 3803 229 3860 ed
249 3801 325 3872 quod
346 3816 462 3858 carmen
483 3815 558 3857 nunc
578 3799 726 3872 paulisper
746 3797 873 3873 rede02).

265 4002 285 4070 ¹)
304 4000 399 4056 Herm.
420 4003 461 4070 14,
482 4000 558 4068 1879,
578 4000 631 4054 900
650 3997 713 4054 adn.
734 4002 757 4054 1.
776 4029 810 4038 -

263 4090 285 4158 ²)
304 4087 382 4142 Nihil
401 4103 494 4143 moror
512 4087 701 4144 coniecturam
718 4086 800 4142 nimis
819 4086 954 4142 incertam
974 4085 1146 4155 (Haeberlin.
1168 4101 1196 4156 p.
1214 4085 1259 4145 52.
1278 4087 1325 4159 57)
