2820 4688
671 439 896 503 „34-

208 639 239 692 et
262 648 374 691 sorore:
407 633 448 690 sic
480 648 514 691 eo
545 636 635 704 poeta
665 630 830 700 deducitur,
862 634 896 687 ut
925 629 1026 703 paucis
1050 629 1106 686 boo
1133 629 1344 687 matrimonium

208 728 336 788 celebret
351 733 438 800 atque
453 732 603 799 comparet
623 741 687 784 oum
701 725 781 784 Iovis
796 734 825 785 et
839 727 955 784 Iunonis
969 724 1034 802 ἱερῷ
1048 722 1129 802 γάμῳ
1145 727 1194 800 (-
1212 724 1292 800 134).

288 826 325 882 In
346 825 392 882 bis
413 823 557 895 omnibus,
580 838 655 894 quae
676 821 850 881 Theocritus
872 823 987 895 copiose
1008 828 1037 879 et
1057 822 1148 880 variis
1168 823 1252 894 quasi
1272 822 1343 881 colo

208 923 288 981 ribus
308 921 483 990 illustravit,
511 919 730 990 haudquaquam
751 935 916 991 expressam
937 919 1065 990 reperies
1083 916 1260 977 Callimachi
1279 934 1344 978 sen-

208 1020 330 1078 tentiam
350 1019 421 1075 mire
443 1023 474 1075 et
494 1016 704 1074 incredibiliter
725 1015 832 1074 dictam
852 1016 939 1073 banc:
971 1014 1095 1091 ἑσπέριος
1115 1013 1205 1080 κεῖνός
1224 1036 1256 1089 γε
1276 1017 1346 1073 τελεῖ

209 1120 267 1176 κτλ.
291 1115 345 1190 (87
366 1113 433 1188 sq).
475 1114 558 1185 Quod
589 1113 665 1171 idem
694 1113 760 1171 aliis
786 1113 822 1171 de
853 1114 973 1184 regibus
1003 1113 1111 1186 pergit:
1145 1112 1170 1170 oi
1191 1110 1222 1170 δὲ
1242 1111 1277 1170 τὰ
1297 1110 1343 1187 μὲν

210 1216 327 1279 πλειῶνι,
349 1211 383 1270 τὰ
405 1209 427 1268 δ’
450 1208 502 1288 οὐχ
523 1208 573 1281 ἑνί,
595 1213 650 1267 τῶν
672 1206 694 1266 δ’
717 1207 770 1266 ἀπὸ
791 1205 905 1283 πάμπαν
926 1206 1007 1271 αὐτὸς
1031 1205 1278 1285 acquistionem,
1301 1205 1344 1264 ἑν-

212 1307 350 1372 έιιλασσας
371 1307 401 1365 δὲ
420 1305 545 1382 μενοινήν
566 1307 618 1382 (89
633 1305 700 1378 sq.),
722 1306 794 1364 haec
815 1321 927 1377 quoque
941 1305 1051 1363 frustra
1071 1305 1147 1378 apud
1161 1303 1344 1364 Theocritum

209 1421 346 1476 quaeres,
378 1404 434 1461 uisi
464 1403 540 1461 forte
571 1403 763 1460 imitationem
795 1402 874 1459 olere
907 1401 1042 1460 videntur
1072 1402 1158 1460 haec:
1191 1400 1268 1479 ὄλβῳ
1294 1401 1343 1477 μὴν

209 1499 313 1565 πάντας
334 1522 367 1560 κε
388 1498 547 1577 καταβρίθοι
568 1501 697 1575 βασιλῆας
719 1499 800 1575 (95),
832 1503 865 1555 ut
889 1498 949 1556 adia
973 1499 1106 1557 omittam
1130 1499 1215 1557 nimis
1241 1498 1342 1556 iutilia.

212 1599 258 1656 An
272 1615 305 1657 re
319 1615 390 1657 vera
404 1596 578 1654 Theocritus
594 1595 770 1663 ,illustravit
784 1595 927 1653 coloribus
941 1595 1061 1653 eandem
1075 1595 1247 1668 picturam“,
1264 1611 1346 1667 quam

213 1693 407 1752 Callimachus
442 1691 635 1760 „delineavit“
668 1692 766 1749 verbis
791 1691 849 1748 illis
880 1691 994 1768 περιπρὸ
1018 1691 1069 1768 γὰρ
1097 1690 1160 1769 εὐρὺ
1187 1687 1245 1768 βέβ.
1268 1692 1344 1750 arb?

213 1789 296 1861 Quod
316 1789 342 1847 si
362 1805 464 1847 verum
485 1794 569 1857 esset,
595 1804 749 1859 numquam
770 1788 841 1846 satis
862 1788 1072 1846 admiraremur
1086 1789 1172 1846 huius
1192 1789 1346 1847 imitatoris

212 1887 375 1958 ingenium,
410 1887 459 1957 qui
479 1903 495 1944 e
516 1885 612 1944 verbis
634 1886 733 1957 paucis
758 1886 857 1956 eisque
880 1886 1015 1944 tenuibus
1041 1891 1086 1943 tot
1115 1900 1215 1943 versus
1241 1884 1346 1943 iaceret

213 1983 380 2054 praeclaros
401 1988 433 2040 et
453 1998 511 2040 uon
531 1982 593 2040 sine
615 1982 778 2055 granditate
798 1983 899 2041 dictos.

297 2078 353 2136 Sed
374 2079 544 2138 festinamus
565 2078 603 2136 ad
630 2079 788 2137 carminum
810 2079 912 2136 exitus.
955 2077 1151 2137 Callimachus
1170 2079 1262 2151 igitur
1286 2082 1347 2150 post

212 2174 374 2234 Ptolemaei
405 2177 581 2233 mentionem
612 2175 649 2232 ad
669 2175 768 2232 Iovem
799 2175 915 2232 rediens
946 2179 1040 2233 totum
1073 2174 1211 2248 hymnum
1243 2173 1347 2232 claudit

213 2271 343 2328 versibus
363 2274 443 2349 χαῖρε
464 2270 542 2346 μέγα,
565 2268 686 2348 Κρονίδη
708 2269 893 2348 πανυπέρτατε
915 2274 973 2331 κτλ.
996 2272 1045 2347 (91
1062 2270 1147 2345 sqq).
1187 2271 1254 2330 Hos
1275 2271 1346 2330 enim

88 2387 92 2393 ·
213 2384 264 2425 sex
289 2383 389 2424 versus
420 2383 517 2425 omnes
547 2364 608 2425 iere
629 2368 818 2439 interpretes,
852 2383 921 2438 quos
954 2367 1068 2438 quidem
1093 2367 1174 2437 novi,
1206 2368 1238 2425 in
1264 2382 1348 2425 unum

214 2464 356 2535 complexi
388 2465 425 2521 ab
456 2462 692 2521 antecedentibus
730 2468 956 2534 segregaverunt
986 2462 1036 2536 (cf.
1060 2463 1129 2521 edit.
1152 2463 1188 2521 de
1208 2463 1347 2538 witam).

218 2557 304 2616 Solus
323 2559 500 2631 Hempelius‚
523 2574 607 2629 quem
628 2558 735 2616 fefellit
758 2558 873 2630 „opinio
894 2559 1128 2631 praeiudicata“.
1157 2560 1271 2632 priores
1290 2564 1349 2618 tras

215 2671 316 2713 versus
337 2654 484 2730 (91-93)
505 2660 675 2727 argumento
690 2655 826 2712 carminis
840 2655 984 2722 adiunxit;
1007 2656 1082 2727 quod
1095 2654 1158 2713 fieri
1172 2656 1252 2714 nullo
1266 2655 1349 2715 modo

217 2756 327 2823 potest,
360 2751 429 2823 quia
454 2751 544 2808 verba
563 2753 643 2829 χαῖρε
665 2750 734 2826 μέγα
754 2751 821 2826 (91)
847 2753 956 2809 exitum
981 2752 1081 2824 hymni
1106 2757 1235 2825 arguunt
1255 2757 1286 2810 et
1306 2769 1350 2810 re·

216 2848 363 2920 cipiantur
383 2847 482 2905 verbis
502 2849 582 2924 χαῖρε
603 2845 698 2923 πάτερ,
719 2845 790 2925 χαῖρ’
813 2845 876 2904 αὖθι
889 2847 971 2923 (94);
994 2853 1081 2919 atque
1100 2848 1147 2906 vir
1167 2849 1218 2906 ille
1240 2849 1349 2920 doctus,

217 2958 290 3014 quae
323 2949 387 3001 arte
418 2944 495 3000 inter
525 2959 557 3001 se
578 2943 746 3014 cohaerent,
780 2942 894 3008 divellit
919 2945 956 3002 ob
976 2944 1007 3001 id
1027 2946 1132 3017 solum,
1164 2950 1197 3004 ut
1223 2946 1353 3004 clausula

218 3036 414 3096 Callimaehea
428 3045 569 3110 aequaret
588 3044 648 3097 tres
669 3056 766 3098 versus
787 3056 805 3096 a
825 3041 982 3099 Theocrito
1006 3041 1037 3100 in
1064 3041 1121 3100 fine
1141 3043 1252 3114 positos
1272 3045 1352 3121 χαῖρε

219 3131 284 3199 ἄναξ
299 3133 451 3210 Πτολεμαῖε
472 3138 532 3194 κτλ.
554 3136 626 3211 (135
647 3134 730 3210 sqq).
772 3137 854 3194 Inter
868 3136 1075 3196 Callimachum
1096 3145 1193 3197 autem
1213 3139 1352 3199 etTheo·

220 3232 326 3289 critum
347 3232 401 3289 hoc
423 3233 522 3290 statim
543 3232 715 3289 discriminis
735 3232 903 3304 intercedit,
926 3234 1001 3305 quod
1021 3234 1071 3293 ille
1093 3235 1164 3293 dicit
1176 3235 1253 3294 Iovis
1274 3236 1354 3294 faeta

219 3329 361 3386 neminem
375 3345 511 3399 umquam
531 3344 615 3401 posse
637 3334 764 3397 cantare,
785 3328 812 3385 h.
829 3345 853 3386 e.
876 3346 912 3387 ne
934 3331 1027 3403 ipsum
1042 3331 1156 3403 quidem
1177 3333 1232 3389 hoc
1250 3349 1354 3391 munus

218 3431 421 3497 suscepturum
443 3441 505 3484 esse
526 3422 688 3499 (91-93);
714 3425 762 3482 hic
782 3441 865 3491 vero,
893 3427 1008 3497 quires
1029 3444 1048 3484 a
1068 3427 1235 3486 Ptolemaeo
1255 3434 1354 3500 gestas

218 3521 301 3578 modo
328 3521 447 3594 cecinit,
479 3521 556 3579 idem
588 3526 691 3592 postea
724 3538 835 3593 quoque
866 3522 1011 3581 facturum
1040 3540 1072 3581 se
1097 3539 1160 3582 esse
1185 3525 1353 3596 pollicetur:

220 3616 299 3674 σέθεν
322 3615 344 3673 δ’
367 3616 421 3691 ἐγὼ
446 3615 491 3675 ἶσα
511 3616 557 3676 καὶ
582 3614 673 3675 ἄλλων
701 3616 837 3693 μνάσομαι
863 3618 995 3695 ἡμιθέων.
1023 3620 1136 3678 Deinde
1158 3637 1223 3679 oum
1242 3622 1354 3695 pergit:

221 3711 310 3772 δοκέω
334 3713 357 3769 δ’
379 3714 443 3776 ἔπος
464 3712 514 3772 οὐκ
535 3713 689 3791 ἀπόβλητον
720 3713 871 3790 φθέγξομαι
896 3716 1063 3792 ἐσαομένοις,
1095 3717 1155 3776 tale
1179 3718 1253 3776 nihil
1278 3718 1355 3792 apud

221 3807 431 3867 Callimachum
451 3809 569 3881 legitur.
609 3809 736 3869 Restant
760 3811 854 3883 igitur
878 3813 940 3871 sola
962 3815 1050 3871 verba
1075 3812 1174 3890 ἀρετήν
1194 3835 1224 3889 γε
1250 3814 1302 3890 μὲν
1323 3814 1355 3874 ἐκ

222 3903 389 3967 Abbaeitai.

301 4000 360 4058 Hic
390 4017 408 4059 a
433 4002 539 4060 codicis
571 4002 593 4059 k
627 4003 772 4077 scriptura
803 4002 876 4062 αἰτεῖ)
906 4003 1143 4078 proficiscendum
1174 4012 1232 4073 est;
1262 4024 1356 4080 neque

226 4096 301 4155 enim
324 4096 408 4155 fidem
429 4097 599 4156 babebimus
619 4099 739 4158 lectioni
759 4097 826 4166 ἕξεις
847 4103 893 4160 uel
913 4098 994 4172 ἕξοις,
1020 4119 1106 4174 quam
1125 4103 1244 4161 tradunt
1265 4104 1357 4164 ceteri
