2820 4688
595 412 815 475 ..15-

134 602 212 674 qnod
231 602 383 674 Droyaeno
405 607 524 661 anctore
544 602 586 676 (p.
601 602 660 659 270
681 600 747 660 adn.
771 600 803 675 2)
824 601 899 659 inter
919 618 946 661 a.
967 603 1025 660 277
1047 607 1078 660 et
1098 603 1155 661 266
1176 602 1264 661 inter·

138 701 218 772 cidit,
240 701 298 757 iam
319 715 361 757 oa.
384 717 410 757 a.
434 700 491 757 275
513 714 531 756 a
551 698 717 757 Ptolemaeo
737 703 851 771 gestum
871 715 943 767 esse,
969 715 1005 757 ne
1026 699 1057 757 id
1076 698 1191 770 quidem
1211 717 1263 773 pro

109 800 216 877 'certo
248 794 390 854 affirmare
421 800 531 868 potest,
565 812 735 867 quamquam
766 811 824 853 non
855 797 960 854 certius
980 795 1201 854 Wiedemannus
1221 797 1261 871 (p.

137 894 196 952 390
216 892 293 966 sqq.)
319 892 483 965 suspicetur
512 892 593 949 brevi
618 896 686 951 ante
709 908 736 952 a.
758 893 815 950 265
837 892 909 951 illud
938 892 1043 950 bellum
1068 892 1164 951 fnisse.
1206 892 1264 952 Sed

136 989 250 1046 etiamsi
270 988 423 1062 Koeppius
445 988 480 1046 de
500 989 556 1046 hac
576 1004 608 1046 re
629 993 708 1048 reate
729 989 901 1048 iudicaverit
922 1020 960 1030 -
985 990 1076 1061 neque
1097 989 1172 1047 enim
1192 1005 1263 1062 nego

135 1085 242 1156 Magae
262 1084 432 1143 seditionem
452 1084 581 1157 potuisse
603 1100 646 1144 ca.
667 1100 693 1142 a.
716 1085 774 1143 275
796 1084 885 1161 flend)
907 1117 954 1153 -.-‚
975 1102 1031 1143 non
1059 1087 1199 1158 seqnitur,
1231 1091 1266 1144 ut

137 1182 236 1241 statim
256 1186 383 1240 secutum
403 1182 443 1239 sit
462 1181 567 1239 bellum
586 1180 709 1254 Syrium,
732 1182 788 1240 nisi
809 1182 885 1240 forte
900 1181 1059 1241 Pausaniae
1079 1182 1208 1240 narratio
1229 1180 1264 1239 de

136 1279 183 1337 his
203 1279 289 1337 rebus
309 1278 478 1337 brevissima
499 1277 535 1351 (I,
559 1278 585 1350 7,
608 1279 634 1336 2.
659 1276 689 1351 3)
711 1278 796 1336 nimis
816 1278 964 1351 premitur.
979 1312 1018 1323 -
1033 1278 1156 1338 Videtur
1175 1278 1266 1349 igitur

138 1391 253 1433 carmen
286 1374 380 1433 adhue
406 1375 595 1447 compositum
620 1391 683 1434 ease
708 1380 775 1440 ante
801 1392 826 1434 a.
854 1376 912 1434 266
933 1377 980 1434 vel
1001 1377 1067 1444 263,
1099 1381 1179 1434 certe
1209 1392 1265 1433 non

138 1472 237 1531 statim
257 1475 329 1546 post.

218 1570 259 1626 nt
272 1569 403 1641 fortasse,
427 1569 457 1627 id
471 1569 547 1641 quod
566 1571 625 1628 iam
639 1569 796 1642 tetigimus,
818 1570 947 1643 pluribus
967 1571 1050 1628 annis
1070 1574 1134 1644 post
1154 1569 1264 1628 cladem

140 1665 229 1723 Ceam
251 1667 390 1738 scriptum
411 1671 464 1725 est.
499 1665 547 1724 Sic
567 1667 643 1725 enim
662 1672 820 1740 posueruut
832 1667 1007 1740 Droysenns‚
1030 1666 1182 1735 Hanlerna,
1204 1666 1264 1724 alii.

140 1794 178 1803 —
200 1761 299 1833 Atque
313 1762 479 1835 Droysenus
500 1763 648 1837 profectus
668 1769 713 1822 est
734 1780 752 1822 a
772 1764 900 1822 versibus
922 1764 959 1822 86
982 1781 1042 1835 sqq.
1077 1761 1166 1822 Poeta
1186 1766 1266 1836 post·

141 1874 226 1929 quam
241 1859 339 1931 ingent
339 1875 384 1916 em
399 1859 565 1933 oppidorum
586 1876 734 1918 nnmerum
749 1859 822 1918 mira
840 1877 876 1918 ra
876 1861 954 1918 tione
969 1861 1151 1933 computavit,
1172 1859 1266 1934 porgit

139 1955 195 2026 his,
216 1970 287 2025 qnos
308 1957 467 2015 exsenibam
488 1972 600 2015 versus:

314 2084 316 2086 ’
352 2068 397 2129 καὶ
418 2070 472 2146 μὴν
493 2068 622 2134 Φοινίκας
642 2069 823 2146 ἀποτέμνεται
839 2069 986 2149 Ἀρραβίας
1006 2092 1036 2128 τε

352 2165 397 2225 καὶ
411 2165 509 2244 Συρίας
530 2165 631 2244 Λιβύας
650 2189 680 2225 τε
701 2171 832 2238 κελαινῶν
854 2165 1054 2244 τἈίθιοπήων,

352 2262 524 2341 Παμφύλοιοί
541 2286 572 2322 τε
593 2267 655 2323 πᾶσι
675 2264 721 2324 καὶ
741 2264 886 2344 αἰχμηταῖς
905 2262 1043 2323 Κιλίκεσσι

353 2359 474 2435 σαμαίνει
494 2359 604 2424 Λυκίοις
624 2383 654 2419 τε
675 2359 894 2438 φιλοπτολέμοισί
918 2383 948 2419 τε
969 2358 1060 2437 Καρσί

324 2485 327 2489 ’
352 2457 399 2516 οιαὶ
419 2456 508 2521 νάσοις
528 2455 725 2527 Κοκλάδεοαιν,
747 2456 807 2515 ἐπεί
826 2457 851 2515 οἱ
872 2459 934 2520 νᾶες
955 2454 1059 2533 ἄρισται

355 2553 451 2612 πόντον
477 2552 645 2612 ἐπιπλώοντι.

141 2669 189 2726 Ex
219 2669 264 2727 his
299 2670 338 2742 igi
339 2674 387 2726 tur
416 2669 586 2742 Droysenus
620 2669 766 2728 concludit
797 2685 913 2727 οοιιιιοιι
945 2668 1078 2727 laudibus
1108 2667 1268 2726 Ptolemaei

143 2766 221 2824 dicat
209 2771 270 2822 tum
291 2784 353 2826 esse
373 2767 449 2825 bello
471 2765 555 2839 Syrio
577 2766 709 2838 secundo,
732 2765 808 2838 qnod
827 2765 960 2838 ponitm
929 2766 1054 2824 intera.
1076 2765 1135 2822 258
1149 2769 1180 2822 et
1200 2764 1268 2834 248,

142 2867 229 2933 atque
243 2880 276 2922 eo
290 2863 374 2923 huius
387 2864 458 2923 belli
470 2868 624 2934 momento,
651 2864 707 2933 ,da
721 2863 823 2923 dessen
838 2862 1025 2934 glenzendste
1038 2860 1160 2933 Enfolge
1181 2862 1278 2920 achon·

141 2976 301 3033 gewonnen
330 2965 444 3021 wanen“
469 2960 510 3034 (p.
534 2961 612 3034 318).
661 2960 717 3019 Sed
739 2960 774 3018 de
794 2960 850 3018 hoc
869 2959 946 3017 bello
973 2974 1093 3031 magnae
1118 2963 1270 3017 moventur

143 3056 344 3130 dubitationes,
366 3074 431 3116 nam
452 3058 513 3130 ipse
535 3056 704 3130 Droysenns
724 3056 888 3131 profitetur:
918 3053 1107 3128 „grundliche
1126 3053 1270 3113 Forseher

142 3155 240 3212 haben
250 3154 376 3226 glauben
386 3155 508 3223 kdnnen,
516 3152 575 3212 vden
585 3155 679 3228 Krieg
689 3154 732 3212 sei
743 3152 931 3211 chimerisch“
944 3149 992 3228 (cf.
1004 3151 1092 3209 etiam
1101 3150 1268 3209 Haeberlin.

143 3268 170 3324 p.
189 3251 226 3308 56
241 3251 307 3308 adn.
325 3249 383 3326 11).
414 3250 528 3309 Deinde
544 3250 618 3322 qnod
639 3250 772 3309 adnotat:
799 3248 898 3319 „diese
911 3247 1034 3320 Angabe
1054 3246 1118 3322 (acl.
1134 3248 1268 3307 carminis

145 3347 310 3423 compositi)
334 3347 438 3405 beruht
459 3345 570 3414 darauf,
599 3345 654 3405 dall
676 3363 730 3404 nur
750 3347 788 3405 im
809 3345 891 3404 Laus
909 3345 1001 3404 dieses
1020 3344 1148 3417 Knieges
1168 3343 1270 3402 Ptole·

143 3445 235 3503 maios
253 3443 299 3502 die
312 3442 526 3503 Landschaften
544 3442 642 3516 besass,
657 3444 762 3501 welche
778 3442 919 3501 Theolmit
932 3439 1073 3511 aufztihlt3
1091 3442 1131 3498 im
1143 3440 1272 3499 Frieden

144 3545 206 3599 trat
226 3557 258 3598 er
278 3541 408 3599 mehrere
428 3541 495 3608 ab“‚
516 3540 572 3599 hoc
592 3556 691 3600 verum
711 3556 773 3598 ease
794 3555 813 3597 a
833 3539 911 3597 nullo
932 3538 1025 3597 adhue
1045 3536 1271 3596 demonstratum

146 3643 205 3705 est3
225 3638 311 3695 immo
325 3639 414 3697 verba
434 3636 624 3696 collaudantis
638 3640 743 3710 poetae
758 3639 935 3709 premuntur,
957 3634 1039 3707 quasi
1052 3633 1174 3705 scriptor
1195 3637 1272 3691 esset

145 3750 242 3792 rerum
262 3739 416 3806 gestarum.
452 3732 563 3793 Vocem
583 3733 659 3791 e'nim
673 3730 852 3807 ἀποτέμνεται
865 3729 930 3808 (86)
945 3747 1002 3790 non
1023 3729 1058 3788 de
1080 3728 1268 3802 expugnando

145 3830 370 3902 intellegendam
392 3846 455 3889 esse
475 3831 642 3904 Hempelius
666 3832 746 3887 recte
770 3828 874 3887 statuit
893 3828 933 3904 (p.
962 3828 1000 3886 78
1021 3826 1076 3902 sq.)
1108 3831 1138 3886 et
1160 3826 1272 3900 plenius

218 4013 241 4083 ¹)
261 4012 302 4070 Cf.
319 4013 353 4070 U.
375 4012 409 4068 de
426 4010 822 4068 Wilemowitz-lddllendorff.:
848 4011 1019 4080 ,Antigonus
1041 4024 1096 4064 von
1111 4007 1272 4079 Karystos“‚

148 4102 240 4160 Berol.
261 4103 338 4172 1881,
355 4118 383 4172 p.
402 4102 453 4156 219
473 4100 536 4158 adn.
555 4103 602 4170 403
622 4097 780 4156 Haeberlin.
799 4114 827 4169 p.
846 4099 880 4154 56
899 4097 962 4157 adn.
984 4101 1025 4152 ll.
1045 4127 1079 4139 -
