2820 4688
520 420 720 480 ..7-

60 608 129 683 (1.1.
146 626 174 682 p.
192 610 247 678 211
265 608 328 667 adn.
348 609 387 683 l),
404 624 468 666 omn
482 605 691 684 Buechelero¹)‚
712 609 774 667 viro
789 608 961 679 doctissimo,
976 605 1068 685 aliis²)
1081 625 1115 668 a.
1132 611 1190 670 276

61 706 176 779 nuptias
190 707 256 765 illas
276 706 365 765 luisse
379 705 491 766 statuit.
523 706 605 777 Quod
618 722 789 778 quamquam
809 723 845 764 ne
859 706 952 778 ipsum
972 707 1086 779 quidem
1106 722 1192 779 argu·

60 805 165 862 mentis
190 803 320 862 firmatur
350 803 483 871 indubiis,
515 808 612 861 tamen
636 820 689 862 nos
714 803 829 876 quidem
858 803 933 862 hano
958 820 1020 861 rem
1039 819 1114 860 nuno
1134 818 1192 861 nou

61 901 170 960 diutius
191 917 339 975 possumus
359 901 504 974 persequi,
536 901 707 974 praesertim
733 901 860 960 eumad
886 918 949 961 eam
975 898 1189 973 disceptandam

62 1015 133 1071 opus
147 999 187 1057 sit
200 999 302 1058 studiis
317 999 579 1071 aegyptologorum.
622 996 681 1056 Sed
699 999 759 1057 sive
773 1014 864 1057 annus
885 999 943 1058 276
964 1013 1051 1057 verus
1071 1002 1116 1055 est
1129 997 1191 1057 sive

61 1094 167 1166 falsus,
200 1100 278 1154 certe
303 1094 381 1152 inira
405 1110 432 1154 a.
459 1095 518 1153 270
544 1110 600 1152 uon
625 1095 684 1152 iam
710 1094 812 1153 licebit
841 1095 995 1153 terminum
1025 1095 1190 1167 nuptiarum

62 1195 190 1249 statuere
216 1197 282 1265 post
307 1189 552 1249 Wiedemannum.
598 1191 662 1249 Iam
694 1192 770 1264 quod
803 1191 882 1250 dubii
909 1192 945 1250 de
970 1207 1069 1249 earum
1095 1195 1192 1249 aetate

61 1289 177 1358 haeret,
209 1304 277 1346 num
301 1289 332 1346 id
357 1290 455 1347 valeat
480 1289 517 1347 ad
541 1294 654 1362 tempus
675 1289 840 1348 Theocritei
861 1289 983 1348 encomii
1004 1286 1192 1347 definiendum

61 1390 285 1456 perscrutemur.

141 1481 237 1553 Atque
258 1481 291 1541 Ο.
314 1476 525 1558 Hempelius⁸)‚
556 1482 857 1555 praeterquamquod
888 1498 951 1540 cum
971 1482 1125 1555 Droyseno
1147 1496 1191 1542 oe.

63 1595 89 1635 a.
113 1579 171 1636 266
194 1579 335 1637 Arsinoen
356 1597 374 1637 a
398 1577 488 1638 fratre
514 1579 629 1638 ductam
656 1596 719 1637 esse
745 1585 842 1652 putat,
869 1579 941 1638 haec
967 1579 1116 1652 professus
1136 1582 1192 1637 est:

65 1673 116 1740 „fit
129 1675 376 1742 verisimillimum,
399 1691 514 1734 carmen
535 1675 571 1734 de
594 1692 648 1747 que
671 1677 795 1748 agimus,
817 1692 880 1734 cum
894 1676 1065 1734 Theocritus
1078 1676 1195 1749 nuptias

61 1770 128 1828 illae
143 1787 323 1845 summopere
338 1771 464 1832 celebret
477 1771 528 1848 (of.
541 1789 598 1832 uss.
616 1774 680 1830 129.
695 1772 771 1848 sqq.)
785 1777 815 1831 et
828 1771 1047 1845 Philadelphum
1068 1772 1195 1846 appellet

62 1867 176 1944 νυμφίον
198 1869 252 1942 (vs.
271 1868 359 1944 130),
381 1870 464 1928 brevi
477 1873 542 1943 post
562 1870 643 1928 illum
663 1886 769 1928 annum
783 1871 971 1942 compositum
991 1885 1063 1928 esse.
1103 1868 1194 1926 Immo

62 1983 99 2024 ne
113 1966 168 2025 hoc
182 1967 299 2039 quidem
313 1968 390 2026 omni
403 1967 537 2026 veritatis
550 1967 646 2040 speeie
665 1984 765 2026 carere
778 1967 871 2027 videri
884 1970 989 2040 potest,
1010 1967 1064 2024 hoc
1079 1981 1194 2024 carmen

62 2062 100 2120 ad
127 2063 206 2135 ipsos
239 2062 301 2121 dies
321 2063 423 2136 festos,
457 2064 559 2136 quibus
585 2064 747 2122 celebratae
767 2068 833 2123 sunt
858 2065 975 2137 nuptiae
1002 2063 1194 2135 conscriptum

63 2164 152 2218 esse.“
182 2193 218 2201 -
247 2161 287 2218 At
307 2165 388 2219 caret
408 2161 485 2220 omni
505 2159 637 2222 veritatis
663 2162 758 2234 specie
779 2161 817 2220 ad
841 2161 918 2234 ipsas
942 2161 1059 2234 nuptias
1080 2175 1194 2232 compo-

63 2256 153 2313 situm
184 2273 246 2315 esse
276 2257 306 2314 id
338 2274 466 2330 carmen,
498 2259 528 2315 in
559 2259 638 2317 ouius
669 2259 767 2316 statim
795 2258 877 2316 initio
908 2258 1030 2330 legimus
1061 2255 1093 2332 (3
1124 2255 1194 2330 sq.):

63 2352 169 2430 ἀνδρῶν
191 2351 249 2412 δάὖ
270 2352 439 2431 Πτολεμαῖος
459 2354 498 2412 ἐνὶ
518 2354 646 2433 πρώτοισι
668 2353 788 2430 λεγέσθω
810 2353 855 2413 καὶ
875 2345 996 2431 σώματος
1017 2353 1061 2412 καὶ
1081 2352 1189 2428 μέσσος,

65 2457 97 2508 et
116 2468 156 2509 vs.
181 2453 197 2508 7
220 2468 277 2523 sq:
298 2451 382 2529 deicolo
398 2451 451 2527 ἐγὼ
466 2450 635 2527 Πτολεμαῖον
650 2450 826 2528 ἐπιστάμενος
845 2451 916 2511 καλὰ
937 2451 1019 2510 εἰπεῖν
1039 2448 1193 2526 operiemus,

64 2552 95 2604 et
114 2564 157 2607 vn.
182 2550 216 2606 11
239 2565 296 2620 sq:
322 2547 349 2606 τί
367 2554 475 2627 πρῶτον
496 2547 650 2622 καταλέξω
676 2548 735 2607 ἐπεὶ
754 2547 828 2627 πάρα
849 2548 931 2627 μυρία
952 2548 1042 2615 εἰπεῖν,
1065 2545 1115 2605 οἷσι
1134 2544 1195 2604 θεοὶ

64 2644 111 2701 τὸν
133 2642 239 2720 ἄριστον
258 2644 386 2722 ἐτίμησαν
401 2646 544 2723 βασιλήων.
577 2646 637 2705 Gur
649 2647 729 2705 nulla
742 2647 848 2705 mentio
862 2645 896 2703 fit
916 2646 1015 2704 uxoris
1029 2642 1195 2702 Arsinoae?

64 2741 140 2798 Nam
167 2747 351 2813 exspectatur
381 2744 445 2811 hoc,
477 2745 502 2802 si
532 2744 663 2816 ponimus
683 2745 792 2817 nuptiis
813 2743 992 2802 celebrandis
1012 2740 1196 2800 inservivisse

64 2840 120 2896 hoc
141 2855 265 2897 carmen.
307 2839 352 2898 At
377 2831 509 2912 proiecto
535 2840 565 2899 id
590 2840 683 2899 uoluit
713 2844 812 2912 poeta,
844 2839 893 2910 qui
916 2839 1115 2897 Ptolemaeum
1142 2837 1197 2894 sibi

66 2935 240 3012 cantandum
253 2951 415 3009 proponens
429 2937 460 2995 iu
474 2937 610 2996 carminis
623 2937 770 3011 prooemio
784 2937 839 2996 hoc
860 2939 1060 3008 argumentum
1081 2932 1197 2993 disertis

65 3033 162 3092 verbis
183 3033 327 3106 exprimit.
368 3034 479 3094 Deinde
503 3051 593 3107 usque
618 3034 656 3093 ad
675 3051 718 3094 vs.
741 3035 798 3092 187
818 3032 940 3092 summis
961 3032 1094 3092 laudibus
1120 3029 1199 3088 tollit

68 3129 160 3187 solum
181 3146 286 3203 regem,
318 3130 354 3189 de
379 3147 479 3190 serore
503 3147 539 3189 ne
564 3131 696 3190 voculam
726 3130 842 3203 quidem
868 3128 959 3190 addit.
999 3128 1083 3202 Quod
1104 3131 1198 3186 autem

66 3245 107 3288 vs
133 3228 189 3287 128
211 3227 343 3286 adnectit
362 3225 459 3304 lqdipo
478 3230 501 3287 τ’
525 3225 626 3307 ἄλοχος
646 3232 714 3301 κτλ.,
737 3228 809 3286 iecit
828 3228 882 3287 hoc
901 3244 959 3285 non
980 3231 1040 3284 tam
1053 3223 1198 3284 Arsinoae

67 3324 258 3383 celebrandae
273 3340 366 3392 causa,
388 3340 474 3396 quam
487 3325 563 3397 quod
576 3326 605 3384 in
621 3325 747 3384 carmine
768 3325 806 3384 ad
826 3325 905 3398 regis
917 3323 1018 3382 leudes
1039 3321 1196 3395 composito

68 3437 105 3478 ue
126 3421 255 3494 reginam
275 3421 390 3493 quidem
410 3421 496 3494 plane
516 3423 638 3495 putabat
658 3438 719 3481 esse
740 3418 1033 3494 praetermittendam.
1073 3418 1151 3479 Nem
1169 3419 1200 3476 in

67 3519 122 3575 hoc
143 3518 272 3576 encomio
293 3518 465 3577 Theocritus
485 3535 584 3578 verum
604 3519 865 3578 Alexandrinorum
886 3521 1002 3590 poetam
1023 3532 1054 3575 se
1074 3514 1200 3574 ostendit

68 3630 162 3686 neque
182 3631 299 3687 prorsus
314 3614 397 3673 abest
414 3630 433 3673 a
446 3615 529 3687 culpa
542 3615 687 3676 adulandi.
708 3614 838 3689 -Quid
857 3629 926 3674 vero
946 3612 1042 3672 laudis
1055 3612 1196 3671 Arsinoae

141 3833 163 3899 ¹)
182 3831 254 3887 Mus.
272 3831 350 3888 rhen.
364 3834 408 3898 30,
429 3831 505 3902 1875,
523 3848 550 3902 p.
565 3833 598 3887 56
619 3831 682 3900 („de
699 3830 888 3888 bucohcorum
906 3829 1076 3888 Graecorum
1094 3827 1201 3900 quuot

68 3920 278 3989 carminibus“).
296 3950 330 3960 -

142 4009 164 4079 ²)
185 4007 226 4065 cl.
245 4009 272 4068 J.
290 4007 389 4062 Franz.
417 4007 448 4063 G.
466 4009 487 4064 I.
507 4008 554 4065 Gr.
572 4008 614 4064 ΙΙΙ
632 4025 659 4078 p.
678 4010 738 4064 288.
758 4037 792 4048 -

131 4086 164 4165 ¹⁸)
186 4095 385 4164 „Quaestioues
404 4095 611 4165 Theocriteae“,
630 4095 697 4152 diss.
724 4096 797 4153 Kiel.
817 4096 893 4164 1881,
912 4112 939 4165 p.
958 4097 1000 4151 76.
1020 4127 1054 4135 -
