2820 4688
596 398 817 459 ...qq-

134 588 254 656 seimus,
279 604 334 659 quo
356 604 430 645 anno
450 593 539 659 poeta
559 593 643 645 natus
664 587 715 655 sit,
747 590 844 643 11111111
868 601 894 643 a.
918 587 976 645 310
997 601 1034 644 an
1057 589 1115 645 305
1138 604 1175 644 an
1197 589 1270 659 3003

134 685 260 743 medinm
280 686 305 742 si
325 685 457 757 ponimus
477 700 541 741 cum
564 683 674 743 Gouato
697 681 740 756 (p.
762 682 831 757 45),
859 698 885 741 a.
908 683 968 741 280
988 699 1078 741 annos
1098 690 1186 742 natus
1206 689 1270 743 erat

134 782 197 839 1111
216 782 320 853 viginti
333 782 467 853 quinque.
510 781 577 839 Hac
597 786 695 838 autem
709 785 807 838 aetate
822 779 890 851 quin
904 780 979 838 hunc
992 781 1130 854 hymnum
1144 797 1270 854 pangere

134 879 272 950 potuerit,
294 878 426 949 equidem
440 878 512 935 nihil
527 877 635 935 dubito.
678 877 863 948 Intellegitur
877 877 953 934 enim
973 894 989 934 e
1004 878 1129 936 maximo
1151 894 1268 937 numero

134 977 275 1034 librorum
289 976 548 1034 diversissimorum
560 972 778 1043 Callimachum,
796 974 935 1044 quidquid
949 974 985 1031 de
1000 979 1066 1032 arte
1080 975 1142 1032 aius
1156 974 1271 1046 poetica

135 1072 292 1141 iudicatur,
324 1072 418 1129 virum
449 1077 528 1130 certe
559 1072 670 1142 ingenti
701 1071 813 1142 ingenii
844 1071 875 1128 vi
905 1075 936 1128 et
966 1070 1063 1128 indole
1093 1071 1267 1143 praeditum,

135 1173 249 1226 mature
271 1168 400 1226 adultum
416 1174 446 1226 et
467 1174 564 1226 aetate
584 1168 704 1225 iuvenili
717 1183 827 1225 summa
841 1167 976 1225 doctrina
989 1167 1145 1238 multisque
1167 1168 1270 1226 mentis

62 1322 64 1326 ,
135 1263 324 1322 facultatibus
345 1265 516 1322 instructum
530 1263 626 1322 fuisse.
669 1264 772 1335 Neque
793 1280 864 1336 opus
885 1269 930 1321 est
949 1263 1088 1321 arbitrari
1110 1281 1184 1335 eum,
1207 1281 1270 1322 cum

135 1362 273 1434 hymnum
307 1366 505 1434 componeret,
541 1361 689 1419 habitasse
724 1361 783 1418 iam
818 1360 1024 1418 Alexandriae:
1060 1377 1127 1418 nam
1157 1360 1272 1419 etiamsi

135 1457 272 1516 Eleusine
293 1473 382 1532 prope
403 1460 503 1516 urbem
525 1459 555 1515 in
574 1459 673 1516 schola
693 1473 813 1515 munere
834 1473 885 1515 suo
901 1457 1083 1529 fungebatur,
1104 1455 1191 1516 facile
1212 1475 1272 1516 mo·

135 1553 197 1611 veri
218 1559 347 1626 poterat,
373 1560 408 1611 ut
428 1570 543 1611 carmen
563 1554 594 1610 111
613 1554 713 1612 lovem
735 1553 878 1611 scriberet
905 1553 988 1623 eique
1009 1553 1110 1611 laudes
1129 1554 1207 1626 regis
1227 1554 1270 1612 in·

136 1655 255 1708 sereret.
296 1650 379 1707 Mera
398 1651 475 1708 enim
496 1651 616 1708 libidine
639 1651 758 1722 ponitur
778 1656 896 1724 poetam
915 1651 1021 1723 hymno
1042 1651 1152 1723 scripto
1172 1649 1272 1709 Phila·

137 1746 234 1819 delphi
258 1745 403 1813 „favorem
424 1747 480 1804 sibi
500 1747 704 1819 acquisivisse“
730 1746 851 1822 (Hemp.
873 1764 901 1818 p.
924 1747 976 1822 88)
1002 1752 1054 1804 aut
1075 1747 1270 1819 composuisse

136 1858 201 1900 eum
230 1858 321 1915 „pour
344 1859 384 1900 un
410 1860 550 1902 coucours
575 1844 729 1917 11111111α
758 1843 873 1918 (Couat.
896 1861 923 1914 p.
947 1843 1036 1918 207);
1069 1860 1142 1915 qnae
1174 1844 1271 1903 omnia

135 1940 210 1998 unde
230 1940 336 1998 hausta
356 1941 422 2007 sint,
448 1958 502 2013 ego
524 1942 634 2013 ignoro.

217 2037 313 2108 Quare
335 2054 391 2095 non
412 2038 515 2108 timeo,
542 2054 578 2094 ne
598 2039 703 2095 nimiae
725 2036 865 2095 audaciae
886 2052 1030 2108 coarguar
1050 2052 1121 2095 nove
1143 2037 1230 2095 nimis
1250 2053 1270 2096 a

135 2136 260 2192 veritate
282 2135 426 2206 aberrem,
459 2150 524 2191 cnm
551 2151 626 2207 pono
646 2135 782 2206 hymnum
807 2135 838 2191 in
858 2134 956 2192 lovem
977 2134 1114 2206 scriptum
1141 2149 1205 2191 esse
1227 2150 1270 2192 ca.

137 2249 163 2288 a.
187 2232 255 2290 280.
298 2231 414 2291 Gentius
434 2249 491 2291 non
512 2233 726 2292 affirmaverim.

216 2327 325 2401 Quodsi
351 2331 414 2400 quis
434 2330 502 2399 erit,
536 2331 585 2401 qui
610 2346 710 2388 versus
730 2331 771 2405 τῷ
791 2351 832 2387 τοι
852 2327 898 2387 καὶ
917 2327 1016 2403 γνωτοὶ
1036 2331 1095 2386 κτλ.
1116 2326 1271 2385 Philadel-

136 2426 224 2497 phum
246 2432 381 2498 spectare
406 2431 505 2498 neget,
539 2427 613 2484 nihil
636 2431 729 2485 restat
749 2427 912 2498 argumenti
937 2426 975 2483 ad
995 2425 1132 2483 carminis
1155 2429 1271 2496 tempus

137 2523 292 2580 eruendum
312 2525 368 2581 nisi
389 2539 489 2581 versus
509 2523 534 2580 οἱ
555 2522 585 2581 δὲ
604 2523 639 2581 τὰ
660 2523 709 2597 μὲν
730 2525 800 2593 κτλ,
823 2523 926 2593 quibus
939 2539 992 2595 per
1012 2539 1044 2580 se
1064 2521 1143 2590 solis,
1164 2520 1271 2578 utiam

137 2618 207 2687 dixi,
229 2619 302 2676 nihil
323 2621 478 2685 evincitur,
501 2620 569 2690 qnia
588 2621 746 2692 nescimus,
771 2625 870 2677 utrum
889 2620 926 2678 de
946 2620 1087 2677 fratribus
1107 2616 1271 2676 interfectis

137 2732 175 2773 an
197 2716 233 2773 de
254 2715 339 2774 bellis
359 2733 498 2788 prospere
519 2718 610 2788 gestis
631 2717 710 2775 dicta
730 2717 795 2775 sint.
818 2749 856 2760 —

217 2813 335 2884 Restat,
356 2818 390 2870 ut
409 2813 440 2870 in
459 2818 574 2885 tempus
595 2815 694 2888 hymni
719 2814 840 2872 alterius
861 2814 1051 2884 inquiramus.
1093 2811 1129 2868 ln
1148 2826 1184 2868 1ο
1204 2810 1272 2869 inde

137 2925 155 2965 a
179 2925 220 2966 vs.
246 2909 299 2966 171
328 2909 438 2981 Apollo
467 2910 505 2967 ἔτι
531 2909 696 2973 ὑποκόλπιος
724 2910 790 2986 (86)
822 2910 1000 2969 vaticinatur
1030 2909 1087 2966 sibi
1117 2907 1272 2978 aliquando

139 3003 214 3069 ξυνὸν
242 3002 342 3063 ἄεθλον
368 3022 432 3063 cum
452 3005 620 3065 Ptolemaeo
647 3006 774 3065 futurum
800 3023 876 3076 esse,
909 3023 973 3064 cum
994 3004 1143 3064 Celtarum
1171 3004 1272 3076 copiae

138 3101 361 3158 innumerabiles
382 3100 537 3159 Graeciam
561 3102 700 3161 invadent
721 3107 808 3174 atque
835 3119 923 3173 usque
950 3103 987 3160 ad
1007 3102 1138 3175 Delphos
1164 3101 1271 3173 clipeos

138 3195 232 3255 ferent
253 3195 402 3271 (ἀσπίδας),
424 3195 493 3254 τέων
515 3197 543 3254 αἱ
562 3197 612 3271 μὲν
634 3197 695 3273 ἐμοὶ
709 3198 789 3275 γέρας
810 3199 837 3256 αἱ
858 3197 880 3256 δ’
902 3197 945 3256 ἐπὶ
959 3195 1052 3274 Νείλῳ
1075 3199 1103 3256 ἐν
1124 3197 1188 3276 πυρὶ
1207 3197 1270 3261 τοὺς

138 3292 286 3370 φορέοντας
307 3292 526 3358 ἀποπνεύσαντας
547 3295 649 3353 ἰδοῦσαι
670 3295 816 3366 κείσονται,
843 3298 970 3372 βασιλῆος
991 3294 1088 3354 ἀέθλια
1107 3295 1198 3354 πολλὰ
1218 3317 1270 3355 κα-

140 3389 238 3462 μόντος
260 3389 401 3465 ἐσσόμεναι
428 3390 501 3464 (185
523 3392 605 3465 sqq).
648 3394 781 3464 Apparet
806 3410 923 3451 carmen
943 3394 1082 3464 scriptum
1113 3410 1176 3452 esso
1207 3398 1272 3465 post

138 3503 263 3559 pugnam
289 3487 476 3560 Delphicam,
508 3505 566 3559 qua
591 3488 692 3547 Celtae
724 3491 925 3562 gravissimam
957 3490 1067 3548 cladem
1098 3494 1272 3561 aeceperunt

140 3583 274 3655 Apolline
295 3585 360 3655 ipso
381 3592 413 3643 ut
435 3585 610 3644 Graecorum
636 3585 715 3643 fama
735 3587 851 3646 ferebat
877 3592 996 3646 auctore
1017 3591 1047 3645 et
1068 3587 1203 3645 adiutore
1222 3584 1271 3661 (cf.

142 3679 247 3752 Droys.
263 3681 300 3738 Il.
318 3682 344 3752 2,
367 3699 395 3753 p.
411 3683 469 3740 350
491 3682 558 3758 sq).
599 3684 683 3741 Hanc
703 3685 854 3743 victoriam
873 3685 1040 3759 Droysenns
1061 3683 1166 3741 statuit
1184 3681 1273 3741 fuisse

140 3782 208 3833 ante
233 3793 359 3835 mensem
379 3777 485 3835 Iulium
511 3779 659 3837 11111218
687 3780 727 3854 (p.
751 3781 806 3838 351
830 3780 895 3838 adn.
918 3782 958 3854 2).
1001 3780 1150 3851 Quomodo
1175 3783 1273 3837 autem

140 3873 230 3931 verba
251 3872 277 3929 αἱ
298 3871 320 3930 δ’
347 3871 391 3930 ἐπὶ
411 3870 505 3950 Νείλῳ
526 3878 584 3933 κτλ.
607 3876 803 3949 intellegenda
828 3878 899 3947 sint,
932 3877 1016 3935 docet
1046 3877 1205 3935 scholiasta
1236 3875 1273 3933 ad

140 3986 180 4028 vs.
206 3970 261 4026 175
287 3969 539 4029 haee-adnotans:
563 4013 570 4029 .
594 4015 600 4029 .
625 4018 632 4032 .
655 4016 661 4029 .
700 3970 854 4046 Ἀντίγονός
874 3995 912 4036 τις
932 3971 1009 4049 φίλος
1029 3974 1077 4030 τοῦ
1099 3970 1272 4048 Φιλαδέλφου

142 4063 314 4139 Πτολεμαίου
339 4064 465 4143 προξενεῖ
483 4065 579 4130 αὐτοὺς
604 4068 669 4143 (111.
691 4067 899 4146 011111)αὖτῷ
920 4069 990 4128 ὥστε
1012 4068 1055 4127 ἐπὶ
1082 4068 1172 4147 μισθῷ
1189 4090 1274 4148 ατρα-
