2820 4688
572 420 791 483 ...53-

111 609 213 665 machi.
257 608 367 665 Tamen
388 608 550 679 quaeritur,
582 625 649 666 num
681 625 752 680 opus
782 609 822 666 sit
852 613 964 666 tantum
991 607 1106 666 efficere
1132 625 1168 666 ex
1188 610 1243 667 hac

112 705 264 763 verborum
286 704 485 762 similitudine:
515 722 549 762 ea
571 706 645 763 enim
666 705 732 762 inde
753 704 859 776 evadit,
882 704 958 775 qnod
978 705 1054 762 idem
1075 706 1136 763 fere
1157 720 1243 764 uoca-

110 802 208 858 bulum
231 803 389 874 repetitum
410 803 465 859 hoc
479 807 576 860 autem
589 800 623 859 fit
637 818 753 875 prorsus
768 819 783 860 6
806 819 884 859 more
900 802 1055 871 Theocriti,
1077 803 1126 873 qui
1143 804 1188 875 18,
1204 803 1242 860 53

110 899 239 970 scripsit:
262 899 300 961 ὡς
322 897 350 963 ἐξ
372 897 531 975 εὐπατριδᾶν
554 899 591 960 εἰς
612 897 770 975 εὐπατρίδας
790 896 870 956 πάλιν
891 896 972 974 ἔνθῃς
1008 900 1053 964 17,
1075 900 1128 956 42:
1160 898 1242 957 ὁπότε

110 1017 157 1052 κεν
179 994 278 1070 φιλέων
300 994 377 1072 βαίνῃ
400 994 481 1073 λέχος
502 994 530 1058 ἐς
550 993 706 1072 plectunt:
735 997 785 1065 22,
809 997 855 1054 56.
881 997 953 1061 119;
979 997 1124 1067 particula
1145 1001 1242 1055 autem

110 1090 157 1149 καί
175 1096 242 1164 post
263 1109 412 1150 caesuram
426 1096 492 1151 ante
506 1094 626 1150 verbum
640 1092 795 1165 repetitum
809 1092 904 1165 posita
925 1097 977 1159 est,
1000 1093 1079 1151 velut
1100 1094 1146 1162 15,
1171 1095 1240 1151 149:

94 1191 189 1265 ’χαῖρε
204 1185 299 1247 Ἄδων
321 1188 454 1264 ἀγαπητέ,
482 1189 527 1248 καὶ
552 1189 580 1252 ἐς
599 1188 744 1268 χαίροντας
765 1187 874 1265 &ostem
900 1192 950 1258 11,
974 1191 1021 1249 63.
1045 1192 1093 1261 17,
1120 1193 1149 1259 13
1183 1191 1242 1248 alia

109 1288 242 1359 exempla
273 1287 338 1344 vide
364 1288 440 1359 apud
461 1287 601 1346 Fritzsoh.
630 1288 716 1356 6112,
742 1290 797 1345 113
849 1287 947 1344 Etiam
973 1287 1067 1345 exitus
1092 1287 1242 1357 utriusque

109 1383 282 1440 hemistichii
303 1400 392 1453 aeque
412 1389 547 1442 sonantes
568 1381 839 1458 (εὐαγέοιμι-ἅδοιμι)
863 1383 1028 1441 Theocritei
1054 1388 1134 1447 suut,
1162 1383 1242 1440 cuius

108 1495 175 1536 usus
196 1480 327 1550 exempla
342 1479 520 1538 Fritzsohius
541 1480 673 1538 contulit.
700 1479 836 1550 Denique
856 1496 970 1537 sensum
990 1481 1144 1538 verborum
1167 1478 1241 1550 apud

109 1576 293 1633 Theocritum
309 1576 490 1647 aptissimum
511 1592 573 1633 esse
588 1575 694 1640 elucet;
718 1580 797 1634 certe
818 1575 894 1649 apud
909 1576 1031 1633 alterum
1048 1582 1162 1647 poetam
1185 1592 1240 1633 non

109 1673 206 1744 aptior
227 1677 282 1742 ost,
315 1673 401 1730 immo
428 1672 503 1742 quod
527 1673 589 1744 ipse
616 1672 743 1730 deusde
770 1689 800 1730 se
821 1671 974 1744 praedicat
1000 1671 1118 1747 εὔαγὲων
1141 1672 1170 1729 δὲ
1197 1671 1241 1731 καὶ

110 1766 244 1842 abacista
266 1768 414 1845 μελοίμην,
441 1770 514 1827 haec
535 1784 591 1826 nou
612 1775 672 1827 tam
698 1769 830 1827 veritatis
851 1769 977 1841 speciem
998 1786 1068 1841 prae
1090 1787 1120 1827 se
1141 1770 1240 1826 lerunt

109 1883 194 1936 quam
215 1867 328 1924 dicendi
343 1868 464 1925 alicuius
477 1865 618 1924 formulae
639 1867 686 1926 vel
701 1866 863 1924 sonantium
884 1866 1037 1926 verborum
1054 1865 1238 1937 captationis.

109 1963 206 2036 Quare
229 1980 264 2022 ex
284 1980 340 2021 uno
361 1980 525 2023 versunon
546 1965 647 2022 licebit
667 1969 760 2022 totum
775 1980 890 2022 carmen
905 1964 1060 2021 Theocrito
1082 1964 1238 2033 abrogare;

110 2060 164 2117 hoc
186 2065 266 2118 certe
292 2077 337 2118 me
358 2060 453 2118 iudice
475 2066 600 2134 constat,
634 2061 794 2133 quicunque
819 2060 934 2133 scripsit
960 2058 1039 2123 αὐτὸς
1061 2058 1082 2116 δ’
1105 2057 1240 2134 eborinum

110 2159 180 2226 111,
203 2157 238 2213 (16
260 2174 310 2214 suo
332 2157 404 2214 haec
425 2173 489 2214 eum
510 2159 636 2215 scribere
650 2158 787 2230 potuisse,
808 2173 865 2215 non
885 2157 959 2214 alius
981 2157 1128 2215 cuiusdam
1148 2157 1240 2215 verba

107 2252 250 2309 imitatum
272 2269 344 2311 esse.

189 2348 248 2407 Sed
263 2349 390 2406 desinam
406 2349 440 2406 de
456 2349 628 2407 Callimachi
641 2350 851 2408 imitationibus
865 2350 1029 2424 disputare;
1052 2351 1123 2408 satis
1144 2355 1239 2409 autem

106 2446 228 2515 habebo,
251 2446 274 2501 si
295 2446 350 2504 hac
365 2447 613 2515 commentatione,
636 2463 720 2518 quam
735 2446 877 2505 conscribi
891 2449 997 2505 nollem
1011 2464 1145 2519 umquam
1166 2463 1237 2519 opus

108 2542 218 2611 fuisset,
241 2542 309 2600 aliis
329 2543 487 2614 prudenter
506 2543 699 2602 iudicantibus
721 2545 841 2602 videbor
862 2544 1049 2602 Theocritum
1070 2545 1236 2616 turpissimo

108 2638 226 2696 crimine
247 2640 424 2697 liberavisse.
448 2673 485 2681 —
