2820 4688
598 443 811 506 ..25-

138 638 237 690 taeum
258 648 297 689 an
317 631 487 704 Lycaeum
529 632 577 690 Sic
602 633 677 690 enim
699 630 746 691 καί
769 631 914 704 particula
935 631 1133 704 intellegenda
1158 636 1214 701 est,
1246 639 1279 689 ut

140 729 229 786 alteri
249 728 476 800 interrogationi
502 730 624 787 alteram
644 729 794 800 adnectat3
820 729 900 786 velut
921 727 1080 801 Sophocles
1101 728 1213 799 Oedipo
1235 729 1277 786 in·

138 826 304 896 terroganti
326 824 371 882 τὸν
393 822 478 902 ἄνδρα
498 824 568 882 τόνδ’
591 822 638 882 οὖν
664 822 743 882 οἶσθα
763 823 831 902 τῇδέ
851 846 903 882 που
931 823 1030 899 μαθών
1056 824 1278 896 respondentem

138 919 298 997 θεράποντα
311 920 395 979 facit:
417 920 444 979 τί
455 925 552 999 χρῆμα
567 923 687 999 δρῶντας
709 923 785 979 ποῖον
802 918 885 997 ἄνδρα
899 920 945 980 καὶ
960 920 1044 995 λέγεις
1058 921 1106 996 (0.
1121 923 1154 978 R.
1174 921 1278 996 1129);

138 1015 173 1075 of.
198 1018 287 1076 etiam
312 1017 740 1091 Eurip.Iphig.Aul.1192;
774 1018 833 1075 alia
853 1018 938 1076 huius
963 1035 1031 1076 usus
1055 1019 1186 1090 exempla
1213 1034 1278 1076 con·

136 1114 232 1186 gessit
256 1113 295 1171 A.
322 1112 552 1188 Oblebowski¹),
584 1130 755 1186 quamquam
787 1131 844 1172 non
875 1113 972 1172 omnia
998 1114 1108 1172 faciunt
1140 1115 1177 1172 ad
1207 1131 1279 1173 rem.

139 1211 285 1269 Dubitare
306 1211 399 1283 igitur
420 1227 450 1269 se
464 1210 549 1283 fingit
562 1216 658 1283 poeta,
681 1214 778 1267 utrum
799 1211 830 1268 in
845 1210 933 1268 Creta
954 1228 992 1268 an
1012 1211 1042 1268 in
1056 1212 1187 1270 Arcadia
1208 1212 1278 1269 dens

139 1313 226 1366 natus
247 1309 288 1366 sit
308 1308 431 1383 (5-r);
464 1307 515 1366 sed
536 1324 601 1365 eum
626 1308 743 1366 aliunde
764 1307 956 1367 demonstrari
981 1308 1073 1379 possit
1093 1306 1195 1366 Cretes
1216 1324 1278 1366 esse

137 1405 292 1463 mendaces
313 1402 435 1481 (Κρῆτες
460 1403 502 1462 ἀεὶ
528 1405 653 1480 peiorum
685 1403 721 1462 oi.
747 1404 879 1477 Epimen.
902 1404 960 1475 frg.
989 1406 1020 1474 5,
1054 1422 1083 1477 p.
1111 1404 1169 1461 234
1201 1404 1279 1477 apud

138 1500 290 1576 Kirkel.)‚
315 1506 422 1573 restat,
444 1506 477 1560 ut
498 1503 629 1574 luppiter
653 1501 693 1559 sit
713 1501 859 1575 Lycaeus,
894 1502 921 1558 h.
945 1517 968 1558 e.
992 1502 1021 1558 in
1042 1499 1173 1559 Arcadia
1193 1507 1278 1559 natus

139 1598 277 1674 (7—10).
320 1599 414 1670 Quare
433 1598 501 1657 inde
521 1614 539 1656 a
558 1614 601 1658 vs,
620 1600 655 1656 10
676 1599 772 1656 verbis
793 1596 821 1654 ἐν
844 1596 874 1654 δέ
895 1619 925 1654 σε
945 1596 1084 1674 Παρρασίη
1102 1595 1179 1673 Ῥείη
1200 1596 1278 1656 τέκεν

140 1696 245 1768 incipit
271 1711 408 1754 enarrare
429 1695 507 1753 Iovis
532 1701 641 1753 natum.
683 1694 834 1753 Particula
860 1700 957 1753 autem
979 1693 1009 1752 δέ
1029 1696 1059 1752 in
1080 1712 1121 1754 rs.
1148 1697 1278 1766 requae

140 1796 300 1863 sequuntur
320 1797 384 1850 arte
406 1792 539 1863 adiungit
560 1793 793 1850 antecedentibus
819 1796 849 1850 et
869 1793 964 1863 aliquo
987 1792 1071 1850 modo
1093 1792 1224 1864 opponit:
1248 1791 1278 1848 in

141 1886 233 1946 Orata
254 1888 369 1959 quidem
389 1893 430 1958 tn,
451 1889 592 1961 Iuppiter,
614 1894 698 1947 natus
712 1905 769 1946 non
791 1906 835 1949 es:
857 1905 950 1959 neque
965 1889 1041 1946 enim
1061 1887 1130 1945 fides
1145 1889 1278 1945 habenda

143 1991 189 2044 est
210 1985 358 2051 Oretibns;
379 1986 466 2043 immo
488 1987 518 2044 in
533 1986 669 2057 Arcadia,
692 1987 722 2043 in
745 1985 982 2054 „Parrhasiorum
1004 1985 1134 2043 dicioue“
1151 1984 1276 2059 (Mein),

141 2083 225 2140 Rhea
245 2086 277 2140 te
296 2083 424 2155 peperit:
459 2082 487 2140 ἐν
509 2081 539 2140 δέ
560 2104 589 2139 σε
612 2080 751 2159 Παρρασίη
770 2079 847 2157 Ῥείη
869 2080 955 2139 τέκεν.
999 2079 1048 2139 Sic
1069 2081 1135 2139 inde
1157 2098 1175 2138 a
1196 2097 1235 2137 vs.
1262 2084 1273 2138 1

141 2195 231 2250 usquc
252 2179 290 2236 ad
310 2195 353 2239 vs.
377 2182 413 2238 10
440 2186 475 2259 et
491 2180 603 2253 longius
635 2180 737 2238 deinde
763 2179 856 2236 oratio
889 2177 1022 2251 procedit
1046 2178 1077 2234 iu
1102 2178 1165 2250 ipso
1192 2194 1278 2249 argu·

145 2280 241 2332 mento
263 2276 407 2334 narrando
433 2277 518 2334 nullis
539 2276 667 2334 versibus
693 2276 873 2348 praemissis,
905 2274 954 2345 qui
975 2275 1116 2346 prooemii
1140 2275 1204 2330 loco
1225 2290 1278 2345 per

144 2388 175 2430 se
195 2371 252 2429 soli
273 2376 324 2429 aut
344 2373 414 2445 poni
439 2374 551 2445 possint
571 2379 623 2431 aut
648 2373 796 2446 explicari.
838 2372 940 2443 Neque
966 2372 1037 2430 haec
1057 2371 1135 2428 ratio
1156 2368 1240 2426 abest
1261 2387 1279 2427 a

141 2484 221 2526 more
236 2466 442 2541 Callimacheo‚
468 2485 555 2541 quem
570 2469 685 2541 quidem
707 2484 742 2526 ex
756 2469 869 2539 hymnis
882 2470 1022 2527 novimus.
1063 2469 1091 2526 N
1092 2485 1138 2526 arn
1152 2468 1278 2526 Dianam

142 2564 183 2623 sie
203 2564 306 2636 incipit
326 2566 488 2623 celebrare:
505 2563 637 2643 Ἄρτεμιν
652 2598 690 2607 -
706 2563 841 2640 ὑμνέομεν
854 2599 890 2607 -
905 2562 1041 2642 ἄρχμενος
1063 2564 1101 2628 ὡς
1116 2562 1162 2621 ὅτε
1177 2562 1277 2639 πατρὸς

143 2659 293 2738 ἐφεζομένη
315 2660 455 2736 γονάτεσσι
474 2665 536 2725 παῖς
557 2663 595 2720 ἔτι
614 2660 773 2738 κουρίζουσα
797 2660 863 2719 τάδε
888 2661 1028 2738 προςέειπε
1049 2664 1142 2738 γονῆα.
1182 2662 1278 2731 Atque

142 2757 318 2816 insecundo
339 2759 445 2832 hymno
470 2760 582 2831 primns
603 2775 703 2818 versus
729 2760 830 2816 statim
850 2758 944 2816 medio
970 2759 1000 2815 in
1021 2761 1191 2830 argumento
1216 2773 1276 2813 ver-

143 2859 235 2923 netum
258 2854 293 2913 ef.
317 2858 345 2925 5,
370 2858 396 2914 l.
419 2857 446 2925 6,
470 2859 495 2914 1.

219 2952 305 3012 Nunc
326 2952 364 3011 ad
378 2953 565 3011 Theocritum
586 2969 638 3012 nos
660 2956 867 3023 convertamus,
891 2952 940 3023 qni
960 2953 990 3009 in
1012 2968 1035 3009 c.
1052 2951 1140 3009 XVH
1160 2952 1201 3008 sic
1215 2950 1276 3008 fere

142 3049 305 3107 exorditur:
328 3052 361 3106 ut
375 3066 394 3107 a
406 3049 477 3109 Iove
497 3049 671 3123 principium
685 3054 730 3108 est
744 3054 775 3107 et
794 3049 824 3106 in
838 3049 907 3107 Iove
928 3049 1002 3120 finis,
1029 3049 1054 3106 si
1072 3048 1277 3105 immortalium

143 3146 279 3217 optimum
311 3146 502 3216 celebramus,
535 3149 577 3205 ita
597 3146 796 3215 Ptolemaeus,
829 3163 884 3217 quo
915 3146 1059 3203 hominum
1084 3161 1167 3202 nemo
1193 3160 1277 3215 prae-

143 3243 249 3301 clarior
270 3245 314 3301 est
336 3242 364 3317 (ὁ
385 3242 435 3319 γὰρ
456 3242 673 3320 προφερέστατος
694 3238 848 3319 ἀνδρῶνγ),
877 3244 907 3300 in
929 3241 1047 3299 exordio
1073 3240 1206 3298 carminis
1227 3257 1277 3313 po·

141 3345 227 3398 natur
248 3344 279 3397 et
299 3340 330 3397 in
349 3339 406 3398 fine
427 3346 457 3397 et
476 3341 507 3398 in
528 3340 622 3399 medio
644 3340 758 3415 (1-4).
801 3341 856 3411 Qui
876 3356 976 3398 versus
996 3343 1133 3409 qnantum
1154 3335 1277 3395 aGalli-

141 3437 243 3496 macho
265 3436 373 3495 distent
387 3443 524 3509 apparet:
547 3454 593 3508 an,
616 3437 751 3508 quoniam
771 3437 819 3493 hie
840 3436 925 3494 dicit:
948 3437 978 3492 in
998 3435 1075 3492 Iovis
1089 3434 1277 3491 libationibus

138 3529 274 3607 iuppiter
294 3535 453 3592 cantandus
474 3539 526 3604 est,
549 3533 720 3591 Theocritus
741 3538 839 3591 autem
854 3531 1099 3603 comparationem
1113 3529 1185 3587 facit
1199 3531 1277 3587 inter

137 3627 238 3690 Iovem
261 3636 292 3689 et
304 3630 513 3704 Ptolemaeum,
535 3633 611 3690 hunc
632 3648 696 3689 cum
710 3629 864 3703 Hempelio
885 3628 1049 3701 putabimus
1069 3627 1199 3685 versibus
1217 3630 1230 3683 l
1247 3631 1278 3684 et

211 3782 233 3850 ¹)
256 3780 315 3848 „De
337 3779 405 3836 eall.
425 3781 527 3851 hymno
547 3780 576 3834 in
594 3779 713 3846 Iovem“,
734 3793 827 3847 progr.
845 3776 954 3833 Rbssel.
975 3778 1052 3844 1879,
1071 3791 1098 3844 p.
1118 3777 1134 3830 8
1154 3791 1239 3845 sq.-

210 3868 234 3939 1)
254 3867 364 3940 ἀνδρῶν,
383 3870 458 3940 quod
475 3870 505 3924 in
524 3869 602 3924 libris
621 3867 703 3937 vulgo
717 3867 828 3936 legitur,
847 3866 1015 3922 servandum
1029 3881 1090 3920 esse
1109 3880 1159 3934 pro
1178 3862 1276 3932 diluo,

135 3957 216 4030 quod
245 3957 385 4027 scribunt,
412 3958 555 4013 Vahlenus
584 3956 652 4026 (1.1.
676 3972 703 4026 p.
728 3958 772 4023 16)
800 3955 970 4024 observavit,
1000 3952 1047 4024 qui
1076 3954 1111 4009 de
1138 3954 1197 4007 toto
1225 3952 1277 4006 hoc

133 4046 285 4114 prooemio
313 4045 454 4101 subtiliter
482 4048 510 4101 ot
538 4046 650 4115 copiose
669 4044 829 4113 disputavit.
848 4074 884 4083 -
906 4041 946 4099 ef.
966 4042 1078 4110 Zettel.,
1107 4041 1193 4099 Blatt.
1212 4039 1230 4094 f.
1250 4039 1276 4095 d.

133 4127 236 4206 bayer.
258 4135 359 4207 Gymn.
380 4139 422 4206 10,
443 4138 519 4203 1874,
539 4152 566 4205 p.
587 4135 637 4189 115
656 4149 742 4203 sq.-
