2820 4688
520 421 742 484 ,29-

55 613 200 686 Iuppiter,
224 617 375 685 postquam
390 612 422 669 in
436 611 541 669 itinere
555 610 689 668 umbilico
704 610 809 668 amisso
825 610 929 679 effecit,
951 616 984 666 ut
1004 609 1071 667 inde
1081 606 1194 685 Ὂμρά-

58 716 115 768 λιον
136 710 220 768 πέδον
242 708 310 783 (45)
331 714 434 781 postea
455 724 558 766 nomeu
579 711 710 781 caperet,
733 706 771 764 ad
792 706 893 764 Idaeos
914 711 1025 764 montes
1045 711 1194 776 hanapor-

56 813 138 866 tatus
164 807 380 866 accuratissime
411 806 487 863 altus
508 810 539 863 et
564 804 701 863 educatus
723 811 780 872 est,
813 804 891 861 velut
911 801 989 860 πίονα
1017 803 1100 877 μαζὸν
1122 801 1195 876 αἰγὸς

59 902 233 979 Ἀμαλθείης
258 902 336 961 suxit
366 901 416 977 (cf.
443 900 530 959 Arat.
561 901 632 976 163)
664 900 847 971 comeditque
877 900 934 957 mel
965 901 1068 972 apibus
1099 901 1194 958 subito

56 998 223 1075 (ἐξαπιναῖα)
256 1004 316 1056 tum
341 999 465 1070 primum
495 998 526 1056 in
556 998 608 1055 illa
633 997 754 1069 regione
781 998 898 1057 exortis.
941 997 1061 1056 Curetes
1088 1002 1194 1067 autem,

55 1114 92 1155 ne
125 1095 269 1154 Saturnus
299 1094 415 1152 audiret
445 1095 543 1152 Iovem
575 1091 746 1169 κουρίζοντα,
779 1091 872 1170 πρύλιν
904 1093 1064 1171 ὠρχήσαντο
1094 1093 1195 1172 τεύχεα

56 1192 245 1269 πεπλήγοντες.
263 1192 314 1267 (-
336 1209 377 1250 vs.
401 1192 452 1261 543
475 1190 510 1249 cf.
526 1190 611 1248 Arat.
636 1193 673 1248 30
688 1189 774 1264 sqq).
802 1192 916 1249 Deinde
937 1199 1025 1264 poeta
1045 1192 1192 1262 describit,

56 1290 201 1361 quomodo
223 1289 356 1360 luppiter
376 1287 494 1346 deorum
515 1287 650 1359 princeps
670 1286 766 1344 factus
787 1287 833 1345 sit.

139 1384 214 1444 Cum
235 1389 298 1442 tota
318 1384 374 1442 hac
395 1385 532 1442 carminis
553 1387 648 1455 parte,
670 1400 754 1454 quam
770 1383 897 1442 breviter
917 1385 1002 1442 modo
1024 1386 1194 1444 adumbravi

57 1482 220 1557 (10-54),
243 1481 401 1539 Theocrito
423 1497 458 1538 ne
480 1497 539 1537 una
559 1479 674 1550 quidem
695 1496 752 1537 vox
774 1482 930 1540 communis
952 1490 1004 1539 est.
1046 1481 1149 1540 Potius
1169 1483 1194 1540 is

56 1579 125 1637 inde
147 1597 166 1636 a
185 1579 283 1637 verbis
309 1576 365 1641 οἷος
390 1577 439 1652 μὲν
461 1579 508 1654 ἔην
531 1576 600 1652 (13)
632 1593 686 1650 per
707 1578 869 1650 complures
900 1595 1000 1636 versus
1027 1586 1057 1637 et
1082 1587 1195 1652 patrem

55 1675 247 1747 Philadelphi
266 1675 399 1733 laudibus
420 1675 499 1732 tollit
518 1678 548 1732 ot
568 1679 690 1732 matrem
711 1674 812 1750 (usque
833 1675 871 1733 ad
891 1691 933 1734 vs.
949 1675 1009 1750 52).
1040 1676 1195 1747 Postquam

57 1773 153 1844 igitur
173 1789 224 1831 suo
244 1772 374 1844 periculo
395 1771 470 1829 hanc
482 1777 596 1843 partem
618 1773 741 1829 encomii
763 1789 932 1845 componere
953 1789 1038 1830 ausus
1058 1778 1110 1842 est,
1132 1773 1194 1844 ipse

56 1885 173 1941 quoque
206 1875 304 1926 natum
331 1868 469 1926 describit
500 1885 556 1926 non
576 1868 674 1926 Iovem
701 1869 752 1926 sed
773 1868 971 1927 Ptolemaeum
1004 1876 1034 1926 et
1059 1868 1195 1927 describit

56 1968 115 2036 ita,
141 1966 213 2024 nihil
233 1971 267 2023 ut
288 1982 353 2024 eum
374 1966 480 2038 hymno
503 1965 674 2024 Callimachi
694 1966 788 2039 primo
811 1966 915 2024 dehere
949 1967 1077 2034 eluceat;
1109 1968 1194 2025 immo

56 2068 92 2120 ut
113 2062 161 2120 hic
181 2062 266 2120 deum
287 2066 387 2119 natum
408 2061 480 2120 facit
501 2063 580 2120 velut
600 2063 743 2121 homiuem
764 2064 1010 2134 humanarumque
1036 2081 1132 2123 rarum
1152 2064 1194 2121 iu·

57 2160 227 2230 digentem,
256 2159 298 2216 sic
320 2164 421 2217 contra
442 2160 614 2218 Theocritus
640 2161 751 2218 minore
778 2176 841 2218 oum
868 2160 1012 2229 doctrina,
1046 2178 1109 2219 cum
1131 2166 1194 2219 arte

56 2256 170 2314 maiore
199 2272 299 2327 regem
321 2256 474 2328 evulgari
504 2256 641 2315 nascendi
672 2257 785 2315 ratione
816 2264 963 2328 tamquam
990 2258 1090 2315 eximit
1115 2262 1144 2315 et
1164 2259 1194 2314 in

57 2352 194 2410 altiorem
220 2352 340 2424 gradum
372 2353 458 2410 tollit.
501 2352 558 2411 Sed
580 2353 616 2411 dc
641 2353 687 2412 his
712 2356 774 2412 eius
795 2356 925 2413 versibus
947 2354 1094 2429 (53-70)
1120 2354 1195 2413 iufra

56 2449 131 2506 mihi
153 2448 348 2506 disserendum
369 2449 432 2506 erit.

140 2547 261 2604 Interim
289 2545 326 2603 ad
349 2545 557 2604 Callimachum
578 2549 752 2606 revertimur
773 2553 839 2619 post
860 2548 938 2605 lovis
964 2548 1124 2619 primordia
1145 2549 1195 2606 de·

55 2643 242 2709 scribentem,
265 2643 407 2713 quomodo
424 2645 449 2700 is
470 2661 588 2717 regnum
609 2645 814 2703 immortalium
829 2645 885 2703 sibi
907 2646 1111 2712 vindicaverim
1138 2661 1195 2715 qua

56 2741 90 2797 in
111 2756 144 2797 re
165 2745 268 2811 poetas
282 2742 476 2813 reprehendit,
498 2742 573 2812 quod
587 2759 643 2799 nou
657 2758 728 2799 vera
742 2743 777 2800 de
800 2743 876 2800 Iovis
890 2743 1010 2814 imperio
1027 2743 1192 2800 cecinerint:

56 2835 164 2912 δηναιοὶ
186 2834 208 2893 δ’
230 2834 261 2894 οὔ
282 2835 396 2912 πάμπαν
418 2837 535 2915 ἀληθέες
548 2837 615 2915 ἦσαν
637 2836 736 2896 ἀοιδοί·
758 2837 844 2916 φάντο
866 2837 952 2896 πάλον
967 2836 1114 2916 Κρονίδῃσι
1135 2837 1195 2896 διαί-

55 2955 140 3011 τριχα
161 2932 276 3007 δώματα
298 2936 385 3007 νεῖμαι
406 2935 459 3009 (60
479 2952 535 3006 sq.;
561 2936 597 2992 cf.
620 2935 708 2995 Hom.
730 2935 756 2994 Ο
780 2937 834 2993 187
857 2953 931 3007 sqq,
958 2936 1074 2994 Hesiod.
1097 2937 1195 3008 theog.

56 3033 116 3090 881
141 3046 217 3102 sqq,
249 3030 344 3103 hymn.
368 3031 442 3088 hom.
467 3034 493 3102 5,
517 3034 554 3090 85
576 3032 659 3107 sqq).
703 3034 794 3104 Quam
820 3033 993 3091 seutentiam
1021 3049 1101 3090 suam
1128 3049 1195 3090 con·

55 3127 157 3185 firmat
177 3126 306 3186 versibus
328 3129 526 3198 sequentibus:
547 3127 586 3192 τίς
608 3128 638 3186 δέ
659 3129 682 3189 κ’
698 3128 738 3186 ἐπ’
762 3127 894 3204 οὐλόμπιρ
916 3150 945 3186 τε
961 3127 1005 3187 καὶ
1027 3125 1078 3186 dua
1092 3131 1194 3204 κλῆρον

57 3223 181 3301 ἐρύσσαι,
209 3221 239 3286 ὃς
260 3222 335 3298 μάλα
357 3224 395 3299 μὴ
418 3223 552 3300 νενίηλοςς
579 3226 655 3297 quod
676 3227 723 3284 hic
742 3226 870 3297 Neptuni
892 3242 954 3283 sors
975 3225 1134 3294 omittitur,
1165 3224 1196 3281 id

57 3337 127 3394 nou,
150 3327 184 3379 ut
198 3319 390 3378 Schneiderus
404 3321 508 3391 voluit,
530 3320 638 3379 factum
660 3329 705 3380 est
718 3322 834 3380 iactura
854 3323 884 3378 in
899 3320 1044 3379 codicibus
1058 3322 1192 3391 admissa,

56 3419 109 3477 sed
131 3419 168 3476 de
188 3418 334 3476 industria
353 3429 440 3490 poeta
461 3424 574 3476 tantum
597 3419 712 3492 Olympi
734 3425 763 3477 et
777 3419 846 3477 Orci
867 3419 1040 3476 mentionem
1061 3418 1140 3486 fecit,
1162 3423 1196 3475 ut

56 3518 138 3574 inter
158 3532 190 3574 se
212 3521 384 3587 opponeret,
417 3531 492 3586 quae
518 3514 614 3573 τόσσον
641 3514 704 3573 ὅσον
732 3515 774 3573 διὰ
799 3518 923 3574 πλεῖστον
949 3516 1055 3592 ἔχουσιν
1087 3514 1195 3589 (64))

56 3612 234 3672 Callimachi
254 3613 344 3685 igitur
359 3611 493 3685 opinione
515 3627 571 3668 nou
586 3616 679 3670 sortes
693 3612 790 3670 lovem
807 3612 924 3669 deorum
939 3626 1036 3682 regem
1056 3609 1195 3680 fecerunt,

55 3710 109 3769 sed
131 3711 197 3787 ἔργα
218 3713 333 3787 χειρῶν,
354 3708 388 3785 σή
409 3730 439 3766 τε
461 3707 503 3785 βίη
524 3708 555 3766 τό
576 3730 606 3766 τε
627 3707 750 3785 Κάρτος,
784 3708 799 3765 ὃ
821 3708 866 3767 καὶ
892 3707 975 3770 πέλας
1001 3706 1074 3765 εἵσαο
1101 3705 1195 3784 δίφρου

131 3937 153 4005 ¹)
174 3935 219 3992 Sic
247 3938 322 3990 recte
350 3934 484 3990 iudicavit
507 3932 540 3989 Ο.
562 3933 724 3988 Richterus:
756 3932 959 4001 „Callimachus
989 3932 1119 4003 Hymnen
1148 3930 1198 3985 aui

54 4024 132 4080 Zeus
151 4022 210 4077 und
227 4024 338 4094 Apollo.
359 4054 392 4063 -
413 4023 485 4077 Zwei
504 4022 643 4076 Momentc
665 4022 703 4076 im
722 4021 817 4077 Leben
840 4021 888 4076 des
908 4020 1084 4083 Ptolemaeus
1104 4019 1195 4073 Phila·

52 4110 206 4181 delphus“,
224 4110 320 4180 Progr.
339 4108 446 4165 (iuben.
477 4112 552 4177 1871,
573 4126 599 4179 p.
618 4112 634 4163 4
653 4126 695 4180 sq.
715 4141 750 4150 -
