2820 4688
601 401 819 463 ..1ss-

144 592 175 652 id
196 591 294 651 docuit
311 590 453 648 Vahlenus
474 589 504 647 in
518 588 631 648 scholis.
675 588 732 663 Qui
747 589 821 647 enim
842 588 992 660 probabile
1012 594 1058 646 est
1070 589 1194 661 primum
1215 605 1272 647 uno

144 688 299 757 codemque
320 691 449 760 tempore
469 703 567 758 regem
589 686 709 745 dicionis
730 702 798 744 suae
819 685 915 744 facere
941 690 1039 758 partes
1058 685 1221 744 Phoenices
1242 692 1273 744 ct

143 784 273 844 Arabiae
299 789 329 844 ot
348 783 448 857 Syriae
474 789 505 842 et
524 784 636 858 Libyae
663 788 692 841 ct
712 782 900 855 Aethiopiae,
923 783 1025 841 deinde
1044 784 1090 841 his
1110 783 1198 841 terris
1219 799 1270 842 ex-

144 882 305 955 pugnandis
325 881 442 954 adiungi
461 897 541 939 mera
560 881 703 953 particula
724 879 752 938 τέ
772 880 839 943 illos
858 880 937 951 fines,
964 880 1013 952 qui
1033 880 1090 938 iam
1110 885 1198 938 antea
1219 872 1277 938 sub'

143 981 205 1038 eius
224 978 345 1050 imperio
366 982 470 1036 orante
500 976 681 1037 Vocabulum
700 977 791 1050 igitur
805 975 984 1052 ἀποτέμνεται
1003 993 1060 1034 ιιοιι
1080 977 1204 1049 positum
1226 982 1273 1035 est

141 1081 175 1134 ut
195 1093 220 1136 e.
242 1092 266 1134 c.
287 1075 377 1133 Isocr.
403 1077 432 1146 3,
454 1074 501 1132 34.
524 1075 551 1145 5,
576 1075 642 1135 122.
662 1072 761 1146 Apoll.
785 1074 879 1135 Rhod.
905 1076 933 1144 2,
955 1075 1022 1146 796,
1054 1073 1104 1132 sed
1129 1073 1271 1145 significat

142 1174 196 1230 hoc
226 1173 312 1230 locos
336 1170 480 1244 „possidet
510 1173 627 1243 partes“
653 1171 699 1246 (er
729 1171 876 1230 schneidet
906 1172 968 1230 sich
998 1171 1078 1229 Teile
1109 1171 1155 1244 ab,
1187 1172 1217 1232 h.
1245 1188 1268 1231 c.

142 1267 301 1344 semper)¹).
331 1268 409 1326 Huic
423 1272 518 1326 autem
531 1268 685 1341 opponitur
697 1268 933 1345 111ιιι1ιιᾶσι(88)ε
948 1268 1118 1338 Phoenices,
1133 1268 1268 1339 Arabiae,

98 1433 100 1437 ¹
144 1367 253 1439 Syriae,
275 1364 396 1437 Libyae,
417 1365 589 1437 Aethiopiae
609 1370 709 1437 partes
729 1366 864 1438 possidet
887 1370 919 1424 at
937 1364 1136 1438 Pamphyliam
1158 1370 1269 1424 totam

141 1464 219 1536 regit
233 1467 289 1522 etc.
324 1462 427 1533 Itaque
443 1478 497 1534 quo
511 1467 640 1534 tempore
655 1478 771 1521 carmen
784 1465 923 1537 scriptum
937 1467 990 1534 est,
1012 1461 1136 1520 omnium
1150 1462 1268 1521 illarum

143 1560 354 1634 provinciarum
381 1559 456 1618 aliae
482 1565 575 1628 totae,
607 1560 682 1618 aliae
703 1561 734 1617 in
759 1565 842 1634 parte
863 1561 916 1619 snb
940 1560 1062 1632 imperio
1082 1559 1268 1633 Philadelphi

141 1638 232 1716 erant.

221 1754 342 1813 Omnino
372 1753 442 1811 mihi
466 1755 582 1824 quidem
611 1754 727 1813 videtur
746 1771 862 1813 carmen
886 1771 943 1813 non
967 1771 1051 1827 posse
1078 1756 1266 1828 compositum

141 1867 204 1909 esse
224 1868 277 1924 per
295 1851 402 1908 bellum
422 1850 552 1923 aliqn0d3
579 1867 652 1922 quae
673 1852 749 1909 enim
773 1851 856 1910 dicit:
882 1849 978 1909 πολλοὶ
998 1848 1020 1907 δ’
1042 1849 1148 1928 ἱππῆες,
1170 1850 1266 1911 πολλοὶ

143 1945 173 2003 δέ
194 1967 238 2021 μιν
259 1945 414 2004 ἀσπιδιῶται
432 1949 530 2025 χαλκῷ
544 1945 723 2024 μαρμαίροντι
743 1946 900 2022 σεσαγμένοι
920 1946 1118 2025 ἀμφαγέρονται
1138 1947 1190 2023 (93
1202 1949 1265 2023 sq.),

143 2044 174 2100 in
192 2042 244 2100 illa
258 2059 343 2114 opum
363 2045 576 2102 enumeratione
596 2060 654 2101 non
667 2043 884 2115 interpretanda
904 2049 971 2101 sunt
991 2044 1026 2102 de
1041 2045 1131 2116 copiis
1152 2046 1182 2102 in
1202 2046 1265 2118 ipso

143 2140 218 2198 bello
238 2141 295 2198 iam
315 2156 414 2211 regem
434 2140 616 2214 stipantibus.
637 2172 672 2183 -
694 2140 797 2199 Potius
817 2145 910 2198 totum
930 2157 1046 2198 carmen
1066 2140 1167 2200 beatas
1186 2141 1266 2215 pacis

142 2237 322 2295 condiciones
336 2237 429 2310 spirat
448 2237 528 2309 adeo,
551 2241 584 2294 ut
603 2219 661 2295 non
675 2238 745 2295 satis
758 2238 864 2312 possim
885 2237 992 2309 mirari,
1015 2237 1091 2308 quod
1111 2238 1167 2295 viri
1188 2238 1266 2297 docti

140 2339 171 2392 et
195 2334 337 2408 imprimis
357 2333 536 2407 Droysenus,
568 2334 615 2392 vir
638 2339 699 2392 tam
723 2334 888 2406 ingeniosus
913 2339 944 2392 et
968 2335 1030 2408 ipse
1055 2350 1127 2392 vena
1150 2334 1267 2408 poetica

141 2431 289 2502 praeditus
309 2430 402 2502 larga,
424 2447 538 2489 carmen
558 2431 595 2488 ad
615 2430 686 2489 belli
700 2435 827 2491 aetatem
847 2432 1056 2490 transtulerint.
1098 2432 1168 2503 Quis
1188 2432 1266 2489 enim

139 2531 223 2599 putat
237 2528 272 2586 de
285 2543 352 2600 rege
367 2527 495 2586 bellandi
508 2527 585 2585 curis
599 2533 738 2600 occupato
760 2528 864 2586 dixisse
879 2527 1064 2586 Theocritum
1077 2529 1130 2585 hos
1150 2544 1264 2587 versus:

143 2621 202 2680 λαοὶ
223 2620 245 2680 δ’
262 2625 326 2700 ἔργα
347 2623 560 2701 περιστέλλουσα
581 2622 685 2700 ἕκηλοι·
707 2623 739 2682 οὐ
754 2624 805 2702 γάρ
825 2647 863 2688 τις
884 2623 967 2701 δηίων
990 2624 1146 2700 πολυκήτεα
1166 2623 1267 2684 Νεῖλον

139 2718 257 2796 ὑπερβὰς
276 2719 356 2786 πεζὸς
377 2719 405 2777 ἐν
426 2718 588 2798 ἀλλοτρίαισι
608 2720 673 2797 βοὰν
688 2721 818 2779 ἐστοίσατο
840 2721 953 2797 κώμαις.
975 2719 1038 2779 οὐδέ
1058 2744 1096 2785 τις
1117 2721 1266 2796 αἰγιαλόνδε

137 2815 205 2880 θοᾶς
224 2815 369 2893 ἐξάλατώ)
393 2817 457 2881 ναὸς
480 2817 640 2897 θωρηχθεὶς
671 2818 714 2877 ἐπὶ
739 2819 827 2896 βουσὶν
853 2818 977 2896 ἀνάρσιος
997 2816 1162 2895 Αἰγυπτίῃσι.
1193 2821 1267 2882 τοῖος

138 2913 205 2991 ἀνὴρ
226 2913 381 2973 πλατέεσσιν
403 2913 535 2992 ἐνίδρυται
558 2914 669 2974 πεδίοισι
700 2915 754 2990 (97
773 2916 870 2991 sqq.)⁶.’
910 2916 950 2974 Ec
970 2915 1046 2986 quod
1064 2915 1265 2987 gravissimum

103 3087 104 3090 Ἴ
139 3016 223 3084 puto,
256 3013 281 3070 si
311 3012 343 3070 in
366 3012 437 3084 ipsis
461 3012 531 3070 belli
552 3012 685 3085 periculis
710 3013 756 3070 vel
781 3029 834 3070 rex
859 3012 920 3085 ipse
944 3015 1110 3071 versaretur
1132 3012 1180 3070 vel
1204 3012 1266 3071 eius

138 3109 290 3178 exercitus,
313 3113 392 3166 certe
413 3109 467 3167 hoc
488 3108 658 3167 Theocritus
677 3108 753 3167 votis
773 3114 943 3181 prosecutus
965 3113 1042 3167 esset
1062 3112 1205 3180 precatus,
1232 3114 1265 3167 ut

139 3205 257 3263 deorum
287 3205 393 3265 auxilio
425 3223 461 3264 ex
481 3205 536 3262 hoc
565 3220 677 3276 quoque
707 3205 870 3263 discrimine
899 3221 1036 3278 prospere
1056 3203 1265 3279 Philadelphus

140 3303 283 3370 evaderet,
305 3302 384 3361 velut
397 3302 531 3361 similiter
544 3319 644 3375 preces
664 3301 736 3360 facit
752 3304 798 3372 16,
820 3302 858 3359 82
879 3318 938 3373 sqq.
979 3301 1019 3358 At
1032 3301 1104 3359 talia
1117 3319 1153 3360 ne
1175 3304 1264 3362 uerbo

139 3400 251 3472 quidem
271 3401 366 3472 tangit
391 3416 483 3471 neque
508 3399 540 3456 in
560 3399 649 3458 totius
675 3399 810 3457 carminis
834 3398 913 3457 exitu
933 3415 1034 3470 regem
1058 3398 1140 3456 iubet
1159 3396 1264 3476 χαίρειν

137 3498 300 3556 bellantem.

207 3731 230 3801 ¹)
249 3732 308 3786 lam
332 3747 357 3785 a.
378 3733 446 3786 1878
466 3730 588 3786 Conatus
606 3733 683 3786 recte
701 3732 835 3786 verterat:
856 3731 892 3798 „il
910 3730 1027 3801 possbde
1045 3748 1100 3786 une
1118 3732 1207 3802 partie
1228 3733 1264 3788 dc

135 3819 164 3872 la
181 3818 327 3874 Phc'nicie“
352 3820 415 3886 etc.;
445 3817 478 3875 cf.
506 3819 565 3875 eius
583 3819 698 3874 librum:
727 3819 755 3873 la
782 3818 876 3888 poesie
898 3818 1076 3874 alexandrine
1099 3836 1126 3889 p.
1142 3821 1207 3876 211.
1226 3851 1262 3860 -

136 3907 339 3962 Wuestemann.
358 3923 385 3975 p.
400 3909 452 3962 270
470 3907 506 3963 ad
518 3923 557 3962 vs.
570 3909 617 3975 863
637 3907 750 3963 Hauler.
769 3924 796 3977 p.
811 3909 843 3961 19
849 3929 856 3975 ;
875 3907 1034 3962 Haeberlin.
1046 3924 1073 3977 p.
1093 3910 1126 3962 56
1140 3906 1204 3964 adn.
1220 3912 1262 3964 11.

136 3993 222 4048 Plane
241 3997 316 4049 errat
333 3994 460 4051 Brinker.
478 4013 505 4065 p.
525 3998 549 4052 6.
574 4026 605 4034 —

206 4083 228 4151 ²)
248 4081 365 4140 Formae
375 4084 498 4136 ἐσπάσατο
509 4085 537 4139 et
547 4083 654 4151 ἔξαλα-ιο
662 4085 759 4140 aoristi
768 4085 888 4155 suntqui
898 4085 1076 4140 nominantur
1085 4085 1215 4156 gnomici.
1226 4116 1261 4126 -
