2820 4688
581 419 801 483 ..43-

119 608 257 668 τεύεσθαι·
284 607 399 686 καὶγὰρ
421 609 536 687 ἔχρῃζεν
558 607 572 664 ὁ
592 605 762 683 Πτολεμαῖος
781 606 878 665 τούτου
891 609 939 666 τοῦ
962 605 1207 685 στρατευματοςοὶ
1222 608 1251 666 δὲ

120 705 222 781 ὁμοίως
242 705 304 780 (scl.
327 704 366 768 ὡς
386 705 433 762 τοῦ
455 701 522 761 θεοῦ
544 702 577 761 τὰ
598 703 740 781 χρήματα,
768 704 902 778 Delphis)
923 703 1116 780 ἠβουλήθησαν
1137 703 1250 763 καὶτοῦ

120 800 291 878 Πτολεμαίου
312 799 456 878 διαρπάσαι
476 799 510 858 τὰ
530 799 672 878 χρήματα·
698 799 777 874 γνοὺς
798 797 845 858 οὖν
866 800 1048 876 συλλαμβάνει
1074 799 1171 864 αὐτοὺς
1191 804 1250 859 κτλ.

118 898 256 972 Quaestio
287 898 380 971 igitur
414 897 460 968 fit,
492 913 549 969 qno
585 911 659 954 anno
693 894 862 968 Antigonus
893 896 1025 955 (donatas
1052 908 1090 939 -’
1112 898 1137 955 is
1175 897 1250 956 enim

118 995 332 1067 intellegendus
356 998 400 1052 est
421 1026 459 1035 -
480 994 693 1052 mercennarios
707 992 808 1052 Gallos
822 993 1012 1066 Philadelpho
1032 994 1155 1059 miserim
1177 1010 1251 1064 quae

118 1108 166 1150 res
185 1092 259 1150 mihi
279 1091 365 1149 ualde
379 1091 467 1149 dubia
488 1095 540 1160 est,
563 1091 619 1148 etsi
633 1095 728 1149 certos
743 1107 832 1149 annos
846 1097 975 1149 statuere
996 1107 1054 1149 non
1068 1091 1249 1150 dubitabant.

120 1186 218 1260 Atque
239 1189 426 1260 Antigonum,
449 1187 525 1260 apud
547 1203 630 1258 quem
650 1192 717 1259 post
737 1188 887 1246 victoriam
909 1187 1079 1260 Delphicam
1100 1187 1250 1247 Celtarum

119 1284 257 1356 reliquiae
278 1284 454 1351 militabant,
476 1285 576 1356 copias
596 1283 764 1342 Ptolemaeo
786 1286 897 1343 misisse
919 1301 976 1344 non
997 1291 1065 1344 ante
1086 1302 1133 1343 res
1153 1285 1251 1342 Mace·

120 1380 221 1439 deniae
252 1381 437 1448 constitutae,
469 1380 489 1437 i.
517 1398 542 1438 e.
571 1396 624 1437 non
653 1385 720 1438 ante
746 1397 772 1438 a.
800 1382 873 1455 277,
904 1382 1102 1440 verisimiliter
1133 1382 1251 1454 ponitur

120 1477 237 1553 (Droys.
264 1477 318 1536 III.
348 1482 372 1550 l,
399 1495 427 1549 p.
452 1478 518 1536 194.
546 1479 605 1536 270
631 1477 695 1536 adn.
719 1477 759 1552 2).
801 1479 878 1538 Num
905 1495 972 1536 vero
998 1495 1022 1537 a.
1045 1480 1103 1537 276
1129 1478 1249 1549 miserit,

119 1580 150 1633 ut
168 1575 324 1647 Koeppius
346 1575 377 1649 (l.
399 1575 418 1632 l.
441 1592 470 1646 p.
493 1575 566 1650 212)
586 1579 683 1648 putat,
705 1581 860 1647 procerte
882 1575 1023 1634 affirmari
1043 1577 1157 1646 nequid
1183 1591 1250 1632 nam

119 1664 231 1730 etiarmi
251 1687 352 1729 verum
373 1678 419 1729 est
434 1671 532 1729 Gallos
552 1678 619 1743 post
639 1672 839 1730 Macedoniam
860 1678 1005 1746 receptam
1019 1672 1167 1744 Antigono
1188 1687 1250 1728 mo·

118 1766 207 1827 lestos
227 1767 331 1834 fuisse,
363 1767 407 1825 ita
427 1770 460 1824 ut
481 1784 530 1825 eos
551 1785 569 1824 a
589 1784 620 1825 se
645 1784 779 1826 amovere
801 1774 931 1840 cuperet,
964 1774 1060 1826 tamen
1085 1785 1143 1825 non
1168 1767 1248 1840 prius
1347 1799 1352 1807 ·

116 1862 309 1937 Philadelpho
341 1865 457 1922 mittere
488 1865 595 1936 potuit,
629 1881 713 1936 quam
739 1867 776 1922 ab
802 1881 836 1923 eo
868 1872 901 1923 ut
931 1865 1061 1923 mitteret
1091 1870 1248 1936 peteretur.

115 1961 199 2032 Quod
231 1966 325 2019 autem
357 1961 514 2018 scholiasta
544 1961 580 2018 de
606 1960 723 2020 Gonata
749 1962 822 2019 dixit
839 1960 995 2036 Ἀντίγονός
1018 1984 1067 2025 τις
1092 1960 1187 2038 φίλος
1212 1994 1248 2003 -

115 2054 290 2133 Πτολεμαίου
312 2057 430 2132 (Droys.
448 2059 505 2115 270
527 2059 592 2117 adn.
614 2057 656 2132 2),
679 2059 835 2116 cauendum
851 2064 902 2131 est,
925 2076 961 2116 ne
982 2058 1051 2129 quid
1072 2075 1088 2115 e
1109 2058 1249 2115 uocabulo

114 2153 193 2232 φίλος
219 2155 419 2223 concludatur,
452 2156 519 2226 qnia
545 2156 721 2227 Antigonum
747 2154 792 2212 illi
818 2155 990 2213 scholiastae
1022 2171 1123 2227 parum
1148 2159 1249 2212 notum

115 2250 206 2309 fuisse
228 2251 292 2323 ipsa
313 2251 426 2309 dicendi
446 2252 523 2309 ratio
545 2252 732 2323 demonstrat,
753 2252 834 2309 velut
855 2251 890 2308 de
912 2253 1004 2308 Arato
1025 2252 1055 2307 in
1076 2251 1165 2308 schol.
1187 2249 1249 2309 cod.

103 2346 137 2404 lu
156 2347 194 2405 ad
216 2348 338 2407 Theocr.
362 2349 389 2417 6,
414 2350 427 2404 1
450 2349 585 2420 legimus:
618 2346 837 2425 προσδιαλέγεται
853 2345 965 2425 Ἀράτῳ
987 2345 1035 2404 τινὶ
1055 2344 1125 2423 φίλῳ
1152 2347 1249 2404 ἑαυτοῦ

116 2442 131 2499 ὁ
152 2440 330 2519 Θεόκριτος“).

196 2540 462 2610 anquatenus,
495 2557 562 2597 num
583 2541 738 2598 terminum
760 2557 862 2599 eruere
886 2541 1041 2613 possimus,
1073 2545 1141 2598 ante
1165 2556 1248 2611 quem

118 2634 214 2694 Celtas
234 2636 262 2692 in
285 2636 451 2709 Aegyptum
478 2638 589 2695 venisse
610 2654 726 2696 necesse
751 2639 797 2695 sit.
840 2636 940 2708 Atque
961 2654 1024 2695 cum
1055 2636 1085 2695 id
1116 2653 1173 2694 non
1197 2652 1249 2708 po·

117 2732 208 2789 tuerit
228 2729 293 2790 fieri
314 2748 348 2790 eo
369 2737 513 2805 tempore,
546 2750 602 2804 quo
623 2732 787 2806 Antigonus
808 2740 838 2791 et
858 2733 1068 2806 Philadelphus
1087 2732 1249 2791 inimicitiis

117 2829 262 2901 segregati
284 2835 377 2899 erant,
399 2830 590 2888 mercennarii
610 2830 776 2888 missisunt
796 2836 863 2888 ante
877 2830 984 2888 bellum
998 2829 1246 2898 Chremonideum

118 2940 172 2996 quo
186 2925 374 2984 Ptolemaeus
388 2927 608 2985 Atheniensium
629 2926 721 2985 socius
736 2932 802 2985 erat
822 2932 925 2985 contra
938 2928 1114 3000 Antigonum
1128 2926 1246 3001 (Droys.

117 3036 144 3092 p.
166 3022 247 3093 232).
290 3022 348 3080 Sed
369 3038 434 3080 oum
455 3023 540 3081 huius
560 3039 673 3094 quoque
699 3024 769 3082 belli
789 3028 904 3096 tempus
924 3024 1006 3082 varie
1032 3024 1198 3091 definiatur,
1231 3039 1250 3079 a

117 3115 266 3192 Droyseno
293 3119 426 3190 266-3,
460 3120 496 3177 ab
525 3120 674 3193 Hempelio
700 3121 767 3178 inde
793 3120 829 3178 ab
856 3136 884 3180 a.
906 3122 978 3192 264,
1011 3121 1065 3178 hoc
1096 3120 1251 3179 discrimen

117 3215 198 3273 nobis
219 3216 428 3287 expediendum
450 3224 540 3285 esset,
563 3218 619 3276 nisi
640 3219 726 3276 titulo
748 3217 895 3292 quodam)
917 3219 1132 3278 adiuvarcmur:
1165 3217 1195 3274 in
1216 3232 1249 3274 eo

117 3311 192 3368 enim
213 3309 257 3368 ἐπὶ
277 3309 447 3388 Πειθιδήμοο
469 3313 510 3389 (2)
533 3311 665 3393 ἄρχοντος
686 3315 809 3387 scripto,
838 3331 921 3385 quem
943 3315 1111 3372 archontem
1132 3313 1249 3371 Ditten·

116 3405 280 3484 bergerus')
302 3410 408 3483 olymp.
434 3412 498 3482 128,
522 3412 647 3469 2ve13
669 3411 774 3469 tribuit
795 3410 900 3485 (26716
919 3412 965 3468 vel
986 3408 1091 3485 26615)
1114 3443 1150 3452 -
1172 3411 1248 3466 Ran-

115 3503 199 3575 gabis
229 3509 317 3563 antea
345 3510 489 3564 statuerat
515 3506 732 3579 inscriptionem
758 3507 866 3565 iactam
894 3523 957 3565 esse
982 3508 1060 3565 inter
1086 3508 1121 3565 ol.
1147 3507 1247 3573 l27‚2

117 3598 233 3675 (27110)
248 3606 279 3659 et
290 3602 356 3674 128,
368 3603 388 3660 4
402 3602 488 3678 (265)
503 3636 551 3675 -,
567 3604 731 3662 etiamnunc
746 3608 842 3662 exstat
856 3604 957 3662 foedus
971 3604 1047 3661 inter
1057 3602 1249 3660 Athenienses

116 3702 145 3754 si
165 3696 409 3758 Lacedaemonios
434 3698 556 3769 factum,
589 3697 664 3763 ὅπως
695 3698 726 3757 ἂν
753 3697 799 3758 οὖν
833 3703 924 3776 κοινῆς
950 3698 1077 3775 ὁμονοίας
1101 3697 1250 3774 γενομένης

188 3915 209 3981 ¹)
229 3912 270 3969 cf.
289 3913 453 3971 Buecheler.
472 3931 544 3970 mus.
563 3915 641 3970 rhen.
661 3918 705 3986 39,
726 3919 803 3985 1884,
824 3932 852 3985 p.
874 3919 933 3971 277.
953 3945 986 3957 -

187 4001 209 4067 ⁸)
230 3999 260 4057 Ο.
279 4001 300 4058 Ι.
319 4002 378 4056 Att.
397 4002 435 4057 II.
456 4006 478 4071 1,
500 4018 546 4058 no.
566 4004 627 4059 332.
650 4035 679 4042 -·

187 4089 208 4158 ⁸)
229 4088 324 4144 Herm.
343 4088 370 4142 lI
389 4091 450 4145 301.
470 4092 532 4146 306.
552 4120 584 4129 -
