2820 4688
682 429 881 493 ..8-

212 619 337 679 tribuit?
377 620 457 679 Nihil
474 618 531 680 nisi
552 619 590 692 id,
612 619 688 691 quod
701 624 852 691 poetarum
872 620 930 677 ritu
944 619 1041 679 multis
1062 619 1230 678 mulieribus
1252 619 1347 678 tribui

212 720 321 788 potest:
355 715 452 793 ἰφθίμα
472 713 493 774 τ’
516 713 627 793 ἄλοχος,
657 717 705 778 τᾶς
726 712 796 778 οὔτις
817 714 914 793 ἀρείων
936 712 1048 792 νῖιμφίον
1069 714 1098 772 ἐν
1119 715 1258 794 μεγάροισι
1279 716 1348 792 γονᾶ

212 809 379 890 περιβάλλεθ
402 811 521 889 ἀγοστῷ,
552 828 617 870 hcm
641 811 731 870 verba
751 827 823 884 quac
854 818 1011 884 sequuntur
1036 812 1068 871 ἐκ
1093 812 1183 889 θυμοῦ
1205 811 1347 888 στέργοισιι

212 907 370 985 νασίγνητὸν
390 930 421 967 τε
434 907 509 967 πόσιν
524 930 562 981 τε,
585 908 688 967 melius
702 912 766 966 crat
787 909 890 968 omitti.
921 908 1037 967 Etenim
1051 909 1266 967 matrimonium
1280 927 1346 968 curn

211 1007 328 1078 gemina
354 1021 452 1065 sorore
478 1006 580 1064 initum
612 1005 666 1064 etsi
695 1020 753 1063 non
790 1005 933 1064 insuetum
959 1010 1023 1064 erat
1048 1006 1213 1080 Aegyptiis,
1246 1011 1346 1064 tamen

212 1102 332 1162 Graecis
359 1102 620 1174 Macedonibusque
645 1102 817 1160 detestabile
842 1102 995 1162 videbatur
1024 1119 1059 1161 ac
1084 1118 1175 1175 paene
1201 1102 1345 1161 incestum

212 1199 262 1276 (cf.
285 1200 428 1272 Droysen.
450 1217 478 1274 p.
501 1201 558 1258 265
580 1198 665 1274 squ).
708 1200 802 1270 Quare
823 1199 975 1258 dolendum
995 1204 1048 1270 est,
1071 1199 1146 1271 quod
1160 1199 1342 1273 Theocritus,

211 1303 299 1371 poeta
319 1297 468 1369 egregius,
500 1301 583 1355 tanta
604 1294 769 1354 adulatione
794 1311 862 1354 usus
883 1297 934 1365 sit,
966 1303 999 1354 ut
1018 1301 1165 1367 tamquam
1186 1297 1344 1354 excusandi

210 1393 309 1466 gretia
329 1410 393 1451 cum
412 1393 463 1451 illo
485 1392 667 1451 matrimonio
694 1398 875 1463 compararet
900 1393 1069 1450 caelestium
1089 1392 1160 1469 ἱερὸν
1180 1392 1280 1467 γάμον.
1303 1426 1340 1435 -

211 1490 345 1563 Denique
365 1490 464 1564 paucis
484 1490 614 1547 versibus
634 1489 801 1546 narratione
822 1488 857 1546 de
870 1489 940 1548 Iove
961 1493 990 1548 et
1003 1489 1113 1558 Iunone
1134 1490 1267 1551 confecta
1287 1491 1343 1548 toti

212 1587 332 1645 carmini
352 1587 437 1644 linem
457 1586 579 1659 imponit
602 1584 647 1642 his
668 1584 763 1643 verbis
783 1571 855 1660 (135
876 1585 966 1660 sqq.):
991 1588 1070 1664 χαῖρε
1092 1583 1156 1652 ἄναξ
1177 1585 1341 1662 Πτολεμαῖε·

213 1682 292 1742 σέθεν
314 1681 337 1741 δ’
365 1683 419 1758 ἐγὼ
437 1681 483 1741 ἶσα
508 1680 553 1741 καὶ
578 1678 669 1739 ἄλλων
695 1679 831 1755 μνάσομαι
860 1679 983 1757 ἡμιθέων
1008 1685 1067 1741 κτλ.
1109 1684 1177 1754 Quis
1208 1684 1255 1742 hic
1286 1700 1342 1741 non

210 1781 332 1852 requirit
343 1780 483 1839 Arsinoae
498 1779 679 1851 mentionem,
695 1778 721 1836 si
734 1777 848 1850 quidem
863 1778 898 1836 de
909 1779 1018 1851 nuptiis
1032 1779 1211 1838 celebrandis
1220 1779 1342 1853 'agith

210 1879 252 1935 At
271 1893 364 1935 nonne
385 1876 456 1934 haec
470 1875 559 1934 verba
580 1875 642 1934 sola
655 1880 779 1947 arguunt
792 1873 895 1933 falsam
916 1892 978 1934 esse
992 1876 1135 1950 Hempelii
1158 1877 1342 1949 opinionem?

209 1973 274 2031 Iam
303 1988 367 2030 curn
397 1973 552 2031 viderimus
582 1971 719 2030 versibus·
745 1973 801 2030 129
833 1989 899 2044 sqq.
931 1973 1142 2031 matrimonium
1178 1974 1253 2046 regis
1285 1989 1341 2031 non

212 2075 426 2143 „summopere“
450 2069 601 2140 celebrari,
627 2073 660 2127 nt
685 2072 771 2141 putat
790 2069 836 2128 vir
857 2069 907 2128 ille
928 2069 1044 2141 doctus,
1069 2087 1105 2128 ne
1126 2070 1156 2128 id
1176 2070 1293 2141 quidem
1314 2070 1342 2127 ei

212 2166 397 2226 concedemus
417 2166 484 2226 inde
505 2166 587 2237 effici,
608 2170 642 2223 ut
662 2181 777 2224 carmen
791 2166 979 2240 compositum
1000 2167 1039 2225 sit
1062 2168 1159 2236 „brevi
1172 2172 1238 2239 post
1259 2166 1341 2224 illum

211 2269 354 2332 annum“‚,
379 2280 435 2335 quo
461 2264 577 2350 nuptiae
601 2261 690 2320 lucre.
731 2262 834 2320 Potius
860 2262 890 2320 hi
915 2278 1014 2321 versus
1040 2263 1067 2320 ei
1088 2269 1166 2333 sunt,
1199 2268 1233 2320 ut
1254 2263 1342 2321 etiarn

96 2345 99 2351 ¹
210 2361 341 2433 longiore
367 2360 460 2432 spatio
492 2366 558 2432 post
582 2359 669 2418 scribi
696 2357 878 2434 potuerint).
925 2359 1001 2419 Nam
1032 2360 1106 2429 quod
1130 2358 1341 2431 Philadelphus

214 2458 378 2531 appellatur
396 2455 517 2533 νυμφίος,
538 2454 700 2529 Hesychius
714 2454 873 2513 andiendus
894 2460 945 2522 est,
967 2456 1016 2526 qui
1030 2456 1101 2514 haec
1121 2456 1203 2514 dicit:
1228 2454 1342 2531 νυμφίον

211 2552 256 2612 καὶ
277 2552 383 2630 νύμφην
404 2551 491 2610 πάντα
505 2552 551 2610 τὸν
564 2551 687 2628 γήμαντα
701 2550 746 2609 καί
760 2550 1030 2627 παιδοποιησάμενον,
1053 2549 1103 2611 κᾶν
1118 2552 1298 2631 πολυχρόνιος
1311 2549 1342 2630 ᾗ.

210 2648 301 2723 Apud
321 2649 508 2708 Theocritum
528 2649 636 2721 legitur
655 2647 685 2706 id
704 2648 872 2707 vocabulum
893 2652 1008 2721 praeter
1021 2649 1095 2705 huno
1116 2649 1209 2706 locum
1230 2649 1260 2705 in
1281 2651 1342 2708 solo

212 2764 235 2805 c.
253 2747 299 2819 22,
325 2748 380 2805 154
394 2762 447 2817 sq„
468 2746 518 2803 nbi
532 2743 639 2821 νυμφίοι
651 2743 869 2818 ,intelleguntur
883 2761 951 2804 sane
972 2745 1076 2818 sponsi.
1118 2744 1230 2804 Eadem
1251 2746 1343 2818 signi·

211 2842 307 2901 ficatio
322 2846 417 2901 exstat
437 2858 478 2901 vs.
497 2841 562 2911 179,
584 2841 610 2898 si
629 2856 700 2898 vere
720 2857 819 2900 versus
833 2846 878 2899 est
891 2841 1087 2900 Theocriteus.
1122 2840 1164 2900 At
1185 2843 1342 2901 demerito

211 2940 329 3012 ponitur
356 2938 432 3013 apud
457 2938 626 3012 Sophoclem
656 2937 686 2995 iu
707 2936 776 2997 Oed.
797 2941 854 3010 tyr.
880 2939 968 2997 1358:
1002 2936 1064 2996 οὐδὲ
1095 2937 1208 3014 νυμφίος
1238 2942 1344 3016 βροτοῖς

128 3083 130 3086 ⁴
211 3034 333 3113 ἐκλήθην
354 3034 392 3093 ὧν
413 3022 478 3111 ἔφυν
493 3031 556 3103 ἄπο,
578 3039 609 3092 ct
630 3033 705 3106 apud
719 3032 895 3106 Aeschylum
910 3035 941 3092 in
955 3035 1034 3107 Sept.
1051 3035 1107 3093 756
1129 3051 1186 3105 sq.:
1208 3033 1343 3112 παράνοια

211 3135 306 3207 συνᾶγε
328 3130 458 3208 νυμφίους
478 3129 625 3208 φρενώλεις
646 3130 698 3206 (οί.
721 3131 809 3189 etiam
830 3131 913 3189 Hom.
936 3153 954 3207 η
977 3132 1013 3189 65
1036 3132 1115 3206 etc.)
1188 3152 1189 3155 ’

291 3229 345 3287 His
366 3229 460 3288 causis
472 3229 530 3287 iam
550 3226 686 3285 refutatis
704 3230 841 3301 apparea
856 3234 993 3298 qnantum
1012 3229 1110 3286 valeat
1130 3229 1202 3287 haec
1216 3229 1344 3302 Koeppii

210 3327 364 3385 sententia:
400 3324 458 3394 „Es
482 3325 521 3384 ist
546 3325 634 3383 haum
655 3324 796 3396 denhbar‚
829 3325 887 3384 deli
908 3327 1045 3385 Theocrit
1071 3327 1150 3384 scine
1171 3326 1343 3399 Huldigung

210 3424 265 3498 (vs.
289 3424 342 3480 131
366 3421 411 3497 ff.)
442 3420 529 3494 lange
548 3421 613 3479 Zeit
637 3423 710 3480 nach
736 3422 787 3481 der
807 3421 1007 3495 Vermiihlung
1028 3424 1223 3495 dargebraoht
1248 3424 1340 3483 habe“

212 3519 243 3594 (l.
265 3520 286 3578 l.
307 3535 334 3591 p.
358 3518 440 3593 210).
480 3518 562 3577 Idem
587 3517 642 3576 hoe
667 3534 778 3591 quoquc
803 3520 896 3577 addit:
929 3521 1063 3590 quoniam
1089 3525 1177 3592 poeta
1203 3521 1238 3577 de
1263 3522 1344 3592 regis

211 3616 389 3689 parentibus,
411 3614 552 3687 imprimis
566 3613 601 3672 de
615 3614 755 3674 Berenice
769 3620 862 3674 matre
876 3617 907 3674 in
922 3616 1038 3674 dearum
1059 3631 1207 3673 nnmerum
1228 3618 1344 3674 sublata

211 3714 301 3771 uerba
321 3711 410 3770 iaciat
430 3727 522 3784 paene
543 3711 628 3784 plura
650 3727 733 3784 quam
756 3712 790 3772 de
811 3713 873 3786 ipso
887 3712 1064 3783 Ptolemaeo,
1087 3712 1142 3770 hac
1163 3728 1275 3783 quoqne
1294 3729 1344 3770 ar-

209 3820 422 3829 *—

285 3861 306 3930 ¹)
325 3858 408 3914 Falso
421 3858 580 3915 Haeberlln.
599 3860 630 3930 (l.
643 3860 673 3929 l.)
687 3876 797 3932 quoque
810 3860 905 3915 statim
916 3861 981 3930 post
996 3860 1108 3929 nuptias
1127 3876 1238 3916 cannen
1257 3861 1345 3931 scrip-

210 3951 271 4004 tum
290 3962 352 4002 esse
370 3945 439 4002 vult.
475 3945 583 4001 Mecum
602 3947 742 4003 consentit
757 3948 791 4002 Ε.
810 3946 943 4015 ΗίΗοιυο,
968 3947 1011 4001 vir
1039 3947 1224 4017 doctissimus,
1252 3949 1282 4002 in
1300 3966 1345 4004 re-

212 4035 342 4090 censione
366 4033 396 4090 G.
417 4032 548 4089 Brinlreri
575 4033 791 4090 dissertationis:
820 4034 1014 4090 Wochenschr.
1037 4033 1056 4091 f.
1080 4035 1164 4092 hlass.
1188 4035 1287 4092 Philol.
1307 4036 1345 4107 ΙΙ,

214 4123 289 4192 1885,
309 4138 350 4177 nr.
368 4125 411 4178 41.
430 4149 464 4161 -
