<?xml version="1.0" encoding="UTF-8"?>
<!DOCTYPE html PUBLIC "-//W3C//DTD XHTML 1.0 Transitional//EN"
    "http://www.w3.org/TR/xhtml1/DTD/xhtml1-transitional.dtd">
<html xmlns="http://www.w3.org/1999/xhtml" xml:lang="en" lang="en">
 <head>
  <title>
</title>
<meta http-equiv="Content-Type" content="text/html;charset=utf-8" />
  <meta name='ocr-system' content='tesseract 3.04.00' />
  <meta name='ocr-capabilities' content='ocr_page ocr_carea ocr_par ocr_line ocrx_word'/>
</head>
<body>
  <div class='ocr_page' id='page_1' title='image "./studiatheocrite00ranngoog_0043.png"; bbox 0 0 2820 4688; ppageno 0'>
   <div class='ocr_carea' id='block_1_1' title="bbox 588 427 811 491">
    <p class='ocr_par' dir='ltr' id='par_1_1' title="bbox 588 427 811 491">
     <span class='ocr_line' id='line_1_1' title="bbox 588 427 811 491; baseline 0.004 -18"><span class='ocrx_word' id='word_1_1' title='bbox 588 427 811 491; x_wconf 78' lang='grc'>...36-</span> 
     </span>
    </p>
   </div>
   <div class='ocr_carea' id='block_1_2' title="bbox 134 616 1272 2806">
    <p class='ocr_par' dir='ltr' id='par_1_2' title="bbox 136 616 1271 880">
     <span class='ocr_line' id='line_1_2' title="bbox 136 616 1271 690; baseline -0.002 -15"><span class='ocrx_word' id='word_1_2' title='bbox 136 618 285 689; x_wconf 89' lang='lat' dir='ltr'>utriusque</span> <span class='ocrx_word' id='word_1_3' title='bbox 300 618 400 689; x_wconf 88' lang='lat' dir='ltr'>hymni</span> <span class='ocrx_word' id='word_1_4' title='bbox 415 623 585 690; x_wconf 88' lang='lat' dir='ltr'>argumento</span> <span class='ocrx_word' id='word_1_5' title='bbox 601 633 719 689; x_wconf 84' lang='lat' dir='ltr'>prorsus</span> <span class='ocrx_word' id='word_1_6' title='bbox 734 616 860 676; x_wconf 89' lang='lat' dir='ltr'>diverso:</span> <span class='ocrx_word' id='word_1_7' title='bbox 877 616 1069 674; x_wconf 81' lang='lat' dir='ltr'>Callimachus</span> <span class='ocrx_word' id='word_1_8' title='bbox 1083 617 1161 674; x_wconf 90' lang='lat' dir='ltr'>enim</span> <span class='ocrx_word' id='word_1_9' title='bbox 1175 617 1271 675; x_wconf 92' lang='lat' dir='ltr'>Iovem</span> 
     </span>
     <span class='ocr_line' id='line_1_3' title="bbox 137 713 1271 786; baseline -0.003 -13"><span class='ocrx_word' id='word_1_10' title='bbox 137 714 339 773; x_wconf 88' lang='lat' dir='ltr'>celebrandum</span> <span class='ocrx_word' id='word_1_11' title='bbox 365 714 420 771; x_wconf 90' lang='lat' dir='ltr'>sibi</span> <span class='ocrx_word' id='word_1_12' title='bbox 441 713 579 786; x_wconf 77' lang='lat' dir='ltr'><strong>proponit</strong></span> <span class='ocrx_word' id='word_1_13' title='bbox 605 717 634 771; x_wconf 91' lang='lat' dir='ltr'>et</span> <span class='ocrx_word' id='word_1_14' title='bbox 654 714 685 769; x_wconf 91' lang='lat' dir='ltr'>in</span> <span class='ocrx_word' id='word_1_15' title='bbox 705 714 761 770; x_wconf 91' lang='lat' dir='ltr'>hac</span> <span class='ocrx_word' id='word_1_16' title='bbox 781 730 813 771; x_wconf 89' lang='lat' dir='ltr'>re</span> <span class='ocrx_word' id='word_1_17' title='bbox 834 714 871 770; x_wconf 92' lang='lat' dir='ltr'>ad</span> <span class='ocrx_word' id='word_1_18' title='bbox 893 713 1077 786; x_wconf 81' lang='lat' dir='ltr'><strong>Philadelphi</strong></span> <span class='ocrx_word' id='word_1_19' title='bbox 1097 713 1271 771; x_wconf 78' lang='lat' dir='ltr'>mentionem</span> 
     </span>
     <span class='ocr_line' id='line_1_4' title="bbox 137 809 1270 880; baseline 0 -13"><span class='ocrx_word' id='word_1_20' title='bbox 137 810 302 871; x_wconf 82' lang='lat' dir='ltr'>deducitur:</span> <span class='ocrx_word' id='word_1_21' title='bbox 330 809 503 868; x_wconf 80' lang='lat' dir='ltr'>Theocritus</span> <span class='ocrx_word' id='word_1_22' title='bbox 529 809 559 866; x_wconf 92' lang='lat' dir='ltr'>in</span> <span class='ocrx_word' id='word_1_23' title='bbox 580 809 641 866; x_wconf 91' lang='lat' dir='ltr'>solo</span> <span class='ocrx_word' id='word_1_24' title='bbox 662 825 732 880; x_wconf 87' lang='lat' dir='ltr'>rege</span> <span class='ocrx_word' id='word_1_25' title='bbox 753 809 944 867; x_wconf 87' lang='lat' dir='ltr'>collaudando</span> <span class='ocrx_word' id='word_1_26' title='bbox 970 814 1048 867; x_wconf 88' lang='lat' dir='ltr'>totus</span> <span class='ocrx_word' id='word_1_27' title='bbox 1069 817 1210 867; x_wconf 88' lang='lat' dir='ltr'>versatur.</span> <span class='ocrx_word' id='word_1_28' title='bbox 1233 842 1270 851; x_wconf 92' lang='lat'>-</span> 
     </span>
    </p>

    <p class='ocr_par' dir='ltr' id='par_1_3' title="bbox 134 905 1272 2806">
     <span class='ocr_line' id='line_1_5' title="bbox 217 905 1271 979; baseline 0 -15"><span class='ocrx_word' id='word_1_29' title='bbox 217 907 344 965; x_wconf 84' lang='lat' dir='ltr'>Transeo</span> <span class='ocrx_word' id='word_1_30' title='bbox 365 922 440 963; x_wconf 91' lang='lat' dir='ltr'>nunc</span> <span class='ocrx_word' id='word_1_31' title='bbox 461 906 497 963; x_wconf 95' lang='lat' dir='ltr'>ad</span> <span class='ocrx_word' id='word_1_32' title='bbox 512 906 647 977; x_wconf 87' lang='lat' dir='ltr'>hymnum</span> <span class='ocrx_word' id='word_1_33' title='bbox 669 905 699 962; x_wconf 92' lang='lat' dir='ltr'>in</span> <span class='ocrx_word' id='word_1_34' title='bbox 713 905 818 963; x_wconf 90' lang='lat' dir='ltr'>Delum</span> <span class='ocrx_word' id='word_1_35' title='bbox 835 906 982 977; x_wconf 87' lang='lat' dir='ltr'>scriptum,</span> <span class='ocrx_word' id='word_1_36' title='bbox 1004 923 1041 963; x_wconf 88' lang='lat' dir='ltr'>ex</span> <span class='ocrx_word' id='word_1_37' title='bbox 1055 922 1110 977; x_wconf 92' lang='lat' dir='ltr'>quo</span> <span class='ocrx_word' id='word_1_38' title='bbox 1132 906 1271 979; x_wconf 84' lang='lat' dir='ltr'>imprimis</span> 
     </span>
     <span class='ocr_line' id='line_1_6' title="bbox 140 999 1271 1074; baseline -0.001 -15"><span class='ocrx_word' id='word_1_39' title='bbox 140 1003 212 1059; x_wconf 87' lang='lat' dir='ltr'>duos</span> <span class='ocrx_word' id='word_1_40' title='bbox 226 1002 304 1060; x_wconf 87' lang='lat' dir='ltr'>locos</span> <span class='ocrx_word' id='word_1_41' title='bbox 319 1003 491 1060; x_wconf 82' lang='lat' dir='ltr'>Theocritus</span> <span class='ocrx_word' id='word_1_42' title='bbox 504 1002 535 1058; x_wconf 92' lang='lat' dir='ltr'>iu</span> <span class='ocrx_word' id='word_1_43' title='bbox 550 1002 649 1059; x_wconf 90' lang='lat' dir='ltr'>eodem</span> <span class='ocrx_word' id='word_1_44' title='bbox 664 1018 687 1059; x_wconf 89' lang='lat' dir='ltr'>c.</span> <span class='ocrx_word' id='word_1_45' title='bbox 704 1001 793 1060; x_wconf 91' lang='lat' dir='ltr'>XVII</span> <span class='ocrx_word' id='word_1_46' title='bbox 808 1003 984 1074; x_wconf 86' lang='lat' dir='ltr'>expressisse</span> <span class='ocrx_word' id='word_1_47' title='bbox 1000 1001 1114 1058; x_wconf 89' lang='lat' dir='ltr'>dicitur.</span> <span class='ocrx_word' id='word_1_48' title='bbox 1144 999 1271 1059; x_wconf 90' lang='lat' dir='ltr'>Primum</span> 
     </span>
     <span class='ocr_line' id='line_1_7' title="bbox 136 1096 1271 1172; baseline -0.002 -16"><span class='ocrx_word' id='word_1_49' title='bbox 136 1099 212 1156; x_wconf 93' lang='lat' dir='ltr'>enim</span> <span class='ocrx_word' id='word_1_50' title='bbox 226 1097 420 1155; x_wconf 83' lang='lat' dir='ltr'>Callimachus</span> <span class='ocrx_word' id='word_1_51' title='bbox 440 1103 543 1154; x_wconf 86' lang='lat' dir='ltr'>narrat</span> <span class='ocrx_word' id='word_1_52' title='bbox 556 1097 722 1169; x_wconf 89' lang='lat' dir='ltr'>Apollinem</span> <span class='ocrx_word' id='word_1_53' title='bbox 743 1098 868 1156; x_wconf 90' lang='lat' dir='ltr'>nondum</span> <span class='ocrx_word' id='word_1_54' title='bbox 888 1099 917 1155; x_wconf 93' lang='lat' dir='ltr'>in</span> <span class='ocrx_word' id='word_1_55' title='bbox 938 1098 1031 1156; x_wconf 88' lang='lat' dir='ltr'>lucem</span> <span class='ocrx_word' id='word_1_56' title='bbox 1050 1098 1159 1154; x_wconf 90' lang='lat' dir='ltr'>editum</span> <span class='ocrx_word' id='word_1_57' title='bbox 1180 1096 1271 1172; x_wconf 79' lang='grc' dir='ltr'>(εἰσέτι</span> 
     </span>
     <span class='ocr_line' id='line_1_8' title="bbox 136 1191 1271 1270; baseline 0 -19"><span class='ocrx_word' id='word_1_58' title='bbox 136 1191 243 1270; x_wconf 82' lang='grc' dir='ltr'>γαστέρι</span> <span class='ocrx_word' id='word_1_59' title='bbox 266 1192 359 1268; x_wconf 78' lang='grc' dir='ltr'>μάντιν</span> <span class='ocrx_word' id='word_1_60' title='bbox 377 1193 446 1268; x_wconf 86' lang='grc'>189)</span> <span class='ocrx_word' id='word_1_61' title='bbox 466 1193 611 1252; x_wconf 83' lang='lat' dir='ltr'>Latonam</span> <span class='ocrx_word' id='word_1_62' title='bbox 625 1201 754 1266; x_wconf 88' lang='lat' dir='ltr'>matrem,</span> <span class='ocrx_word' id='word_1_63' title='bbox 778 1211 841 1252; x_wconf 91' lang='lat' dir='ltr'>cum</span> <span class='ocrx_word' id='word_1_64' title='bbox 864 1195 979 1252; x_wconf 87' lang='lat' dir='ltr'>summis</span> <span class='ocrx_word' id='word_1_65' title='bbox 999 1193 1145 1251; x_wconf 89' lang='lat' dir='ltr'>doloribus</span> <span class='ocrx_word' id='word_1_66' title='bbox 1167 1198 1271 1252; x_wconf 88' lang='lat' dir='ltr'>vexata</span> 
     </span>
     <span class='ocr_line' id='line_1_9' title="bbox 135 1290 1270 1362; baseline 0 -14"><span class='ocrx_word' id='word_1_67' title='bbox 135 1291 196 1350; x_wconf 84' lang='lat' dir='ltr'>Gon</span> <span class='ocrx_word' id='word_1_68' title='bbox 216 1290 339 1347; x_wconf 90' lang='lat' dir='ltr'>insulam</span> <span class='ocrx_word' id='word_1_69' title='bbox 352 1290 454 1361; x_wconf 88' lang='lat' dir='ltr'>adiret,</span> <span class='ocrx_word' id='word_1_70' title='bbox 477 1291 639 1359; x_wconf 87' lang='lat' dir='ltr'>retinuisse,</span> <span class='ocrx_word' id='word_1_71' title='bbox 661 1307 696 1348; x_wconf 94' lang='lat' dir='ltr'>ne</span> <span class='ocrx_word' id='word_1_72' title='bbox 710 1292 766 1349; x_wconf 91' lang='lat' dir='ltr'>hac</span> <span class='ocrx_word' id='word_1_73' title='bbox 786 1292 815 1349; x_wconf 91' lang='lat' dir='ltr'>in</span> <span class='ocrx_word' id='word_1_74' title='bbox 837 1291 932 1348; x_wconf 88' lang='lat' dir='ltr'>insula</span> <span class='ocrx_word' id='word_1_75' title='bbox 954 1295 1127 1362; x_wconf 81' lang='lat' dir='ltr'>separaret,</span> <span class='ocrx_word' id='word_1_76' title='bbox 1150 1307 1215 1348; x_wconf 89' lang='lat' dir='ltr'>cum</span> <span class='ocrx_word' id='word_1_77' title='bbox 1236 1290 1270 1348; x_wconf 91' lang='lat' dir='ltr'>de</span> 
     </span>
     <span class='ocr_line' id='line_1_10' title="bbox 138 1384 1271 1462; baseline 0 -19"><span class='ocrx_word' id='word_1_78' title='bbox 138 1385 304 1443; x_wconf 89' lang='lat' dir='ltr'>Ptolemaeo</span> <span class='ocrx_word' id='word_1_79' title='bbox 331 1384 381 1459; x_wconf 84' lang='lat' dir='ltr'>(ci.</span> <span class='ocrx_word' id='word_1_80' title='bbox 404 1402 445 1444; x_wconf 91' lang='lat' dir='ltr'>vs.</span> <span class='ocrx_word' id='word_1_81' title='bbox 470 1387 539 1462; x_wconf 85' lang='grc'>188)</span> <span class='ocrx_word' id='word_1_82' title='bbox 566 1388 775 1446; x_wconf 88' lang='lat' dir='ltr'>vaticinaretur</span> <span class='ocrx_word' id='word_1_83' title='bbox 802 1388 870 1444; x_wconf 91' lang='lat' dir='ltr'>huic</span> <span class='ocrx_word' id='word_1_84' title='bbox 896 1387 1007 1444; x_wconf 88' lang='lat' dir='ltr'>insulae</span> <span class='ocrx_word' id='word_1_85' title='bbox 1034 1385 1167 1443; x_wconf 87' lang='lat' dir='ltr'>fortunae</span> <span class='ocrx_word' id='word_1_86' title='bbox 1194 1392 1271 1443; x_wconf 86' lang='lat' dir='ltr'>sorte</span> 
     </span>
     <span class='ocr_line' id='line_1_11' title="bbox 136 1481 1271 1559; baseline 0 -19"><span class='ocrx_word' id='word_1_87' title='bbox 136 1483 225 1540; x_wconf 85' lang='lat' dir='ltr'>alium</span> <span class='ocrx_word' id='word_1_88' title='bbox 247 1482 330 1542; x_wconf 85' lang='lat' dir='ltr'>deum</span> <span class='ocrx_word' id='word_1_89' title='bbox 352 1482 463 1552; x_wconf 85' lang='lat' dir='ltr'>deberi,</span> <span class='ocrx_word' id='word_1_90' title='bbox 496 1481 646 1559; x_wconf 76' lang='grc' dir='ltr'>σαωτήρων</span> <span class='ocrx_word' id='word_1_91' title='bbox 677 1481 779 1540; x_wconf 71' lang='grc' dir='ltr'>ὕπατον</span> <span class='ocrx_word' id='word_1_92' title='bbox 809 1481 886 1555; x_wconf 83' lang='grc' dir='ltr'>γένος</span> <span class='ocrx_word' id='word_1_93' title='bbox 913 1482 987 1557; x_wconf 85' lang='grc'>(165</span> <span class='ocrx_word' id='word_1_94' title='bbox 1013 1482 1105 1557; x_wconf 83' lang='lat' dir='ltr'>sqq.),</span> <span class='ocrx_word' id='word_1_95' title='bbox 1136 1482 1167 1538; x_wconf 88' lang='lat' dir='ltr'>in</span> <span class='ocrx_word' id='word_1_96' title='bbox 1192 1481 1271 1540; x_wconf 83' lang='lat' dir='ltr'>cuius</span> 
     </span>
     <span class='ocr_line' id='line_1_12' title="bbox 136 1577 1272 1657; baseline -0.003 -18"><span class='ocrx_word' id='word_1_97' title='bbox 136 1585 310 1652; x_wconf 83' lang='lat' dir='ltr'>potestatem</span> <span class='ocrx_word' id='word_1_98' title='bbox 336 1585 366 1638; x_wconf 90' lang='lat' dir='ltr'>et</span> <span class='ocrx_word' id='word_1_99' title='bbox 386 1581 456 1638; x_wconf 89' lang='lat' dir='ltr'>Asia</span> <span class='ocrx_word' id='word_1_100' title='bbox 482 1587 511 1637; x_wconf 88' lang='lat' dir='ltr'>et</span> <span class='ocrx_word' id='word_1_101' title='bbox 531 1579 631 1638; x_wconf 77' lang='lat' dir='ltr'>Africa</span> <span class='ocrx_word' id='word_1_102' title='bbox 655 1577 812 1657; x_wconf 76' lang='grc' dir='ltr'>(ἀμφοτέρῃ</span> <span class='ocrx_word' id='word_1_103' title='bbox 839 1579 979 1655; x_wconf 74' lang='grc' dir='ltr'>μεσόγεια)</span> <span class='ocrx_word' id='word_1_104' title='bbox 1009 1584 1149 1638; x_wconf 86' lang='lat' dir='ltr'>venturae</span> <span class='ocrx_word' id='word_1_105' title='bbox 1176 1584 1272 1637; x_wconf 89' lang='lat' dir='ltr'>essent</span> 
     </span>
     <span class='ocr_line' id='line_1_13' title="bbox 137 1671 1271 1750; baseline -0.002 -16"><span class='ocrx_word' id='word_1_106' title='bbox 137 1682 168 1734; x_wconf 93' lang='lat' dir='ltr'>et</span> <span class='ocrx_word' id='word_1_107' title='bbox 187 1683 284 1734; x_wconf 85' lang='lat' dir='ltr'>terrae</span> <span class='ocrx_word' id='word_1_108' title='bbox 304 1677 335 1733; x_wconf 91' lang='lat' dir='ltr'>in</span> <span class='ocrx_word' id='word_1_109' title='bbox 349 1677 422 1734; x_wconf 85' lang='lat' dir='ltr'>mari</span> <span class='ocrx_word' id='word_1_110' title='bbox 440 1677 513 1734; x_wconf 89' lang='lat' dir='ltr'>sitae</span> <span class='ocrx_word' id='word_1_111' title='bbox 527 1679 554 1734; x_wconf 93' lang='lat' dir='ltr'>h.</span> <span class='ocrx_word' id='word_1_112' title='bbox 572 1694 596 1734; x_wconf 89' lang='lat' dir='ltr'>e.</span> <span class='ocrx_word' id='word_1_113' title='bbox 619 1678 728 1735; x_wconf 91' lang='lat' dir='ltr'>insulae</span> <span class='ocrx_word' id='word_1_114' title='bbox 751 1675 795 1750; x_wconf 81' lang='lat' dir='ltr'>(ci</span> <span class='ocrx_word' id='word_1_115' title='bbox 812 1673 957 1748; x_wconf 80' lang='grc' dir='ltr'>πελάγεσσι</span> <span class='ocrx_word' id='word_1_116' title='bbox 971 1671 1117 1750; x_wconf 79' lang='grc' dir='ltr'>κάθηνται)</span> <span class='ocrx_word' id='word_1_117' title='bbox 1139 1675 1176 1732; x_wconf 90' lang='lat' dir='ltr'>ab</span> <span class='ocrx_word' id='word_1_118' title='bbox 1195 1675 1271 1732; x_wconf 91' lang='lat' dir='ltr'>occi·</span> 
     </span>
     <span class='ocr_line' id='line_1_14' title="bbox 140 1771 1272 1845; baseline -0.002 -15"><span class='ocrx_word' id='word_1_119' title='bbox 140 1775 225 1832; x_wconf 82' lang='lat' dir='ltr'>dente</span> <span class='ocrx_word' id='word_1_120' title='bbox 246 1790 335 1845; x_wconf 90' lang='lat' dir='ltr'>usque</span> <span class='ocrx_word' id='word_1_121' title='bbox 357 1773 395 1831; x_wconf 89' lang='lat' dir='ltr'>ad</span> <span class='ocrx_word' id='word_1_122' title='bbox 415 1774 565 1831; x_wconf 89' lang='lat' dir='ltr'>orientem.</span> <span class='ocrx_word' id='word_1_123' title='bbox 601 1773 742 1832; x_wconf 84' lang='lat' dir='ltr'>Similiter</span> <span class='ocrx_word' id='word_1_124' title='bbox 762 1774 933 1831; x_wconf 88' lang='lat' dir='ltr'>Theocritus</span> <span class='ocrx_word' id='word_1_125' title='bbox 955 1777 1019 1844; x_wconf 92' lang='lat' dir='ltr'>post</span> <span class='ocrx_word' id='word_1_126' title='bbox 1040 1771 1168 1845; x_wconf 86' lang='lat' dir='ltr'>singulas</span> <span class='ocrx_word' id='word_1_127' title='bbox 1189 1771 1272 1842; x_wconf 80' lang='lat' dir='ltr'>regni</span> 
     </span>
     <span class='ocr_line' id='line_1_15' title="bbox 140 1863 1272 1943; baseline -0.003 -15"><span class='ocrx_word' id='word_1_128' title='bbox 140 1876 240 1943; x_wconf 76' lang='lat' dir='ltr'>partes</span> <span class='ocrx_word' id='word_1_129' title='bbox 262 1873 443 1927; x_wconf 81' lang='lat' dir='ltr'>enumeratas</span> <span class='ocrx_word' id='word_1_130' title='bbox 465 1869 548 1926; x_wconf 87' lang='lat' dir='ltr'>dicit:</span> <span class='ocrx_word' id='word_1_131' title='bbox 571 1866 696 1927; x_wconf 81' lang='grc' dir='ltr'>θάλασσα</span> <span class='ocrx_word' id='word_1_132' title='bbox 712 1869 742 1926; x_wconf 81' lang='grc' dir='ltr'>δὲ</span> <span class='ocrx_word' id='word_1_133' title='bbox 763 1871 837 1927; x_wconf 78' lang='grc' dir='ltr'>πᾶσα</span> <span class='ocrx_word' id='word_1_134' title='bbox 857 1867 902 1928; x_wconf 77' lang='grc' dir='ltr'>καὶ</span> <span class='ocrx_word' id='word_1_135' title='bbox 923 1866 968 1925; x_wconf 82' lang='grc' dir='ltr'>αἶα</span> <span class='ocrx_word' id='word_1_136' title='bbox 982 1867 1028 1926; x_wconf 83' lang='grc' dir='ltr'>καὶ</span> <span class='ocrx_word' id='word_1_137' title='bbox 1045 1865 1166 1942; x_wconf 80' lang='grc' dir='ltr'>ποταμοὶ</span> <span class='ocrx_word' id='word_1_138' title='bbox 1186 1863 1272 1926; x_wconf 77' lang='grc' dir='ltr'>κελά-</span> 
     </span>
     <span class='ocr_line' id='line_1_16' title="bbox 138 1962 1271 2041; baseline 0 -19"><span class='ocrx_word' id='word_1_139' title='bbox 138 1968 230 2028; x_wconf 82' lang='grc' dir='ltr'>δοντες</span> <span class='ocrx_word' id='word_1_140' title='bbox 255 1962 414 2022; x_wconf 75' lang='grc' dir='ltr'>ἀνάσσονται</span> <span class='ocrx_word' id='word_1_141' title='bbox 437 1963 598 2040; x_wconf 81' lang='grc' dir='ltr'>Πτολεμαίῳ</span> <span class='ocrx_word' id='word_1_142' title='bbox 626 1964 676 2039; x_wconf 84' lang='grc'>(91</span> <span class='ocrx_word' id='word_1_143' title='bbox 706 1967 772 2041; x_wconf 85' lang='lat' dir='ltr'>sq.).</span> <span class='ocrx_word' id='word_1_144' title='bbox 815 1965 849 2022; x_wconf 85' lang='lat' dir='ltr'>In</span> <span class='ocrx_word' id='word_1_145' title='bbox 875 1965 920 2022; x_wconf 83' lang='lat' dir='ltr'>his</span> <span class='ocrx_word' id='word_1_146' title='bbox 952 1980 1124 2036; x_wconf 81' lang='lat' dir='ltr'>quamquam</span> <span class='ocrx_word' id='word_1_147' title='bbox 1148 1968 1271 2034; x_wconf 83' lang='lat' dir='ltr'>uterque</span> 
     </span>
     <span class='ocr_line' id='line_1_17' title="bbox 136 2059 1271 2132; baseline -0.002 -12"><span class='ocrx_word' id='word_1_148' title='bbox 136 2078 205 2120; x_wconf 90' lang='lat' dir='ltr'>sane</span> <span class='ocrx_word' id='word_1_149' title='bbox 225 2061 357 2120; x_wconf 88' lang='lat' dir='ltr'>veritatis</span> <span class='ocrx_word' id='word_1_150' title='bbox 376 2060 446 2118; x_wconf 87' lang='lat' dir='ltr'>fines</span> <span class='ocrx_word' id='word_1_151' title='bbox 464 2061 589 2132; x_wconf 87' lang='lat' dir='ltr'>transiit,</span> <span class='ocrx_word' id='word_1_152' title='bbox 612 2068 710 2118; x_wconf 87' lang='lat' dir='ltr'>tamen</span> <span class='ocrx_word' id='word_1_153' title='bbox 729 2059 938 2119; x_wconf 84' lang='lat' dir='ltr'>Callimachum</span> <span class='ocrx_word' id='word_1_154' title='bbox 959 2061 1074 2132; x_wconf 88' lang='lat' dir='ltr'>longius</span> <span class='ocrx_word' id='word_1_155' title='bbox 1096 2062 1185 2118; x_wconf 86' lang='lat' dir='ltr'>etiam</span> <span class='ocrx_word' id='word_1_156' title='bbox 1206 2077 1271 2132; x_wconf 88' lang='lat' dir='ltr'>pro·</span> 
     </span>
     <span class='ocr_line' id='line_1_18' title="bbox 135 2157 1270 2229; baseline -0.003 -13"><span class='ocrx_word' id='word_1_157' title='bbox 135 2158 256 2216; x_wconf 86' lang='lat' dir='ltr'>cessisse</span> <span class='ocrx_word' id='word_1_158' title='bbox 277 2174 358 2215; x_wconf 89' lang='lat' dir='ltr'>nemo</span> <span class='ocrx_word' id='word_1_159' title='bbox 380 2158 509 2229; x_wconf 89' lang='lat' dir='ltr'>negabit.</span> <span class='ocrx_word' id='word_1_160' title='bbox 551 2158 662 2215; x_wconf 89' lang='lat' dir='ltr'>Deinde</span> <span class='ocrx_word' id='word_1_161' title='bbox 678 2159 753 2228; x_wconf 91' lang='lat' dir='ltr'>quod</span> <span class='ocrx_word' id='word_1_162' title='bbox 768 2158 802 2216; x_wconf 93' lang='lat' dir='ltr'>de</span> <span class='ocrx_word' id='word_1_163' title='bbox 817 2157 918 2216; x_wconf 92' lang='lat' dir='ltr'>eodem</span> <span class='ocrx_word' id='word_1_164' title='bbox 939 2174 1011 2229; x_wconf 85' lang='lat' dir='ltr'>rege</span> <span class='ocrx_word' id='word_1_165' title='bbox 1031 2172 1149 2215; x_wconf 89' lang='lat' dir='ltr'>revera</span> <span class='ocrx_word' id='word_1_166' title='bbox 1169 2159 1270 2229; x_wconf 88' lang='lat' dir='ltr'>poten·</span> 
     </span>
     <span class='ocr_line' id='line_1_19' title="bbox 136 2253 1270 2326; baseline 0.001 -15"><span class='ocrx_word' id='word_1_167' title='bbox 136 2255 248 2312; x_wconf 89' lang='lat' dir='ltr'>tissimo</span> <span class='ocrx_word' id='word_1_168' title='bbox 269 2257 372 2326; x_wconf 91' lang='lat' dir='ltr'>poetae</span> <span class='ocrx_word' id='word_1_169' title='bbox 405 2254 460 2312; x_wconf 91' lang='lat' dir='ltr'>duo</span> <span class='ocrx_word' id='word_1_170' title='bbox 491 2257 626 2325; x_wconf 88' lang='lat' dir='ltr'>aequales</span> <span class='ocrx_word' id='word_1_171' title='bbox 648 2253 847 2313; x_wconf 82' lang='lat' dir='ltr'>Alexandriae</span> <span class='ocrx_word' id='word_1_172' title='bbox 873 2255 903 2312; x_wconf 92' lang='lat' dir='ltr'>in</span> <span class='ocrx_word' id='word_1_173' title='bbox 929 2255 995 2312; x_wconf 88' lang='lat' dir='ltr'>aula</span> <span class='ocrx_word' id='word_1_174' title='bbox 1020 2254 1130 2312; x_wconf 90' lang='lat' dir='ltr'>versati</span> <span class='ocrx_word' id='word_1_175' title='bbox 1156 2253 1270 2325; x_wconf 90' lang='lat' dir='ltr'>imperii</span> 
     </span>
     <span class='ocr_line' id='line_1_20' title="bbox 134 2350 1270 2422; baseline 0.001 -15"><span class='ocrx_word' id='word_1_176' title='bbox 134 2350 364 2422; x_wconf 84' lang='lat' dir='ltr'>magnitudinem</span> <span class='ocrx_word' id='word_1_177' title='bbox 384 2350 517 2408; x_wconf 87' lang='lat' dir='ltr'>laudibus</span> <span class='ocrx_word' id='word_1_178' title='bbox 533 2351 663 2418; x_wconf 87' lang='lat' dir='ltr'>efferunt,</span> <span class='ocrx_word' id='word_1_179' title='bbox 686 2352 741 2408; x_wconf 91' lang='lat' dir='ltr'>hoe</span> <span class='ocrx_word' id='word_1_180' title='bbox 755 2367 847 2420; x_wconf 86' lang='lat' dir='ltr'>neque</span> <span class='ocrx_word' id='word_1_181' title='bbox 863 2351 966 2407; x_wconf 87' lang='lat' dir='ltr'>mirum</span> <span class='ocrx_word' id='word_1_182' title='bbox 988 2354 1033 2408; x_wconf 89' lang='lat' dir='ltr'>est</span> <span class='ocrx_word' id='word_1_183' title='bbox 1047 2381 1084 2391; x_wconf 91' lang='lat'>—</span> <span class='ocrx_word' id='word_1_184' title='bbox 1099 2350 1270 2409; x_wconf 88' lang='lat' dir='ltr'>miraremur</span> 
     </span>
     <span class='ocr_line' id='line_1_21' title="bbox 137 2445 1269 2519; baseline -0.001 -16"><span class='ocrx_word' id='word_1_185' title='bbox 137 2447 248 2519; x_wconf 91' lang='lat' dir='ltr'>potius,</span> <span class='ocrx_word' id='word_1_186' title='bbox 275 2447 300 2504; x_wconf 90' lang='lat' dir='ltr'>si</span> <span class='ocrx_word' id='word_1_187' title='bbox 322 2447 357 2504; x_wconf 91' lang='lat' dir='ltr'>de</span> <span class='ocrx_word' id='word_1_188' title='bbox 378 2447 433 2504; x_wconf 89' lang='lat' dir='ltr'>hac</span> <span class='ocrx_word' id='word_1_189' title='bbox 453 2463 485 2504; x_wconf 91' lang='lat' dir='ltr'>re</span> <span class='ocrx_word' id='word_1_190' title='bbox 507 2447 693 2504; x_wconf 89' lang='lat' dir='ltr'>dissentirent</span> <span class='ocrx_word' id='word_1_191' title='bbox 715 2479 750 2489; x_wconf 91' lang='lat'>-</span> <span class='ocrx_word' id='word_1_192' title='bbox 773 2463 866 2518; x_wconf 86' lang='lat' dir='ltr'>neque</span> <span class='ocrx_word' id='word_1_193' title='bbox 888 2446 994 2504; x_wconf 90' lang='lat' dir='ltr'>sufficit</span> <span class='ocrx_word' id='word_1_194' title='bbox 1020 2445 1058 2502; x_wconf 89' lang='lat' dir='ltr'>ad</span> <span class='ocrx_word' id='word_1_195' title='bbox 1078 2445 1269 2504; x_wconf 89' lang='lat' dir='ltr'>imitationem</span> 
     </span>
     <span class='ocr_line' id='line_1_22' title="bbox 135 2541 1270 2612; baseline 0 -12"><span class='ocrx_word' id='word_1_196' title='bbox 135 2543 303 2600; x_wconf 87' lang='lat' dir='ltr'>eruendam:</span> <span class='ocrx_word' id='word_1_197' title='bbox 338 2543 451 2601; x_wconf 87' lang='lat' dir='ltr'>eruitur</span> <span class='ocrx_word' id='word_1_198' title='bbox 470 2549 533 2600; x_wconf 90' lang='lat' dir='ltr'>tum</span> <span class='ocrx_word' id='word_1_199' title='bbox 554 2543 679 2612; x_wconf 90' lang='lat' dir='ltr'>demum,</span> <span class='ocrx_word' id='word_1_200' title='bbox 703 2559 767 2601; x_wconf 91' lang='lat' dir='ltr'>oum</span> <span class='ocrx_word' id='word_1_201' title='bbox 788 2544 878 2601; x_wconf 90' lang='lat' dir='ltr'>verba</span> <span class='ocrx_word' id='word_1_202' title='bbox 900 2542 1020 2600; x_wconf 87' lang='lat' dir='ltr'>alterius</span> <span class='ocrx_word' id='word_1_203' title='bbox 1040 2542 1076 2599; x_wconf 87' lang='lat' dir='ltr'>ab</span> <span class='ocrx_word' id='word_1_204' title='bbox 1099 2541 1193 2600; x_wconf 82' lang='lat' dir='ltr'>altero</span> <span class='ocrx_word' id='word_1_205' title='bbox 1220 2542 1270 2600; x_wconf 88' lang='lat' dir='ltr'>de·</span> 
     </span>
     <span class='ocr_line' id='line_1_23' title="bbox 135 2639 1268 2712; baseline -0.001 -15"><span class='ocrx_word' id='word_1_206' title='bbox 135 2639 260 2711; x_wconf 87' lang='lat' dir='ltr'>pendere</span> <span class='ocrx_word' id='word_1_207' title='bbox 281 2645 417 2711; x_wconf 89' lang='lat' dir='ltr'>apparet;</span> <span class='ocrx_word' id='word_1_208' title='bbox 440 2639 517 2710; x_wconf 91' lang='lat' dir='ltr'>quod</span> <span class='ocrx_word' id='word_1_209' title='bbox 539 2639 679 2711; x_wconf 88' lang='lat' dir='ltr'>quomodo</span> <span class='ocrx_word' id='word_1_210' title='bbox 701 2640 749 2697; x_wconf 91' lang='lat' dir='ltr'>hic</span> <span class='ocrx_word' id='word_1_211' title='bbox 770 2639 961 2697; x_wconf 88' lang='lat' dir='ltr'>demonstrari</span> <span class='ocrx_word' id='word_1_212' title='bbox 975 2639 1075 2712; x_wconf 83' lang='lat' dir='ltr'>possit,</span> <span class='ocrx_word' id='word_1_213' title='bbox 1098 2654 1156 2696; x_wconf 93' lang='lat' dir='ltr'>non</span> <span class='ocrx_word' id='word_1_214' title='bbox 1177 2639 1268 2697; x_wconf 85' lang='lat' dir='ltr'>video.</span> 
     </span>
     <span class='ocr_line' id='line_1_24' title="bbox 136 2734 1269 2806; baseline 0 -14"><span class='ocrx_word' id='word_1_215' title='bbox 136 2768 173 2778; x_wconf 97' lang='lat'>—</span> <span class='ocrx_word' id='word_1_216' title='bbox 196 2735 257 2806; x_wconf 76' lang='lat' dir='ltr'>Quo</span> <span class='ocrx_word' id='word_1_217' title='bbox 280 2735 315 2792; x_wconf 90' lang='lat' dir='ltr'>de</span> <span class='ocrx_word' id='word_1_218' title='bbox 347 2735 411 2793; x_wconf 90' lang='lat' dir='ltr'>loco</span> <span class='ocrx_word' id='word_1_219' title='bbox 443 2735 469 2792; x_wconf 89' lang='lat' dir='ltr'>si</span> <span class='ocrx_word' id='word_1_220' title='bbox 494 2740 574 2793; x_wconf 88' lang='lat' dir='ltr'>recte</span> <span class='ocrx_word' id='word_1_221' title='bbox 604 2735 742 2806; x_wconf 83' lang='lat' dir='ltr'>iudicavi,</span> <span class='ocrx_word' id='word_1_222' title='bbox 775 2735 910 2792; x_wconf 90' lang='lat' dir='ltr'>iudicium</span> <span class='ocrx_word' id='word_1_223' title='bbox 939 2735 1023 2792; x_wconf 90' lang='lat' dir='ltr'>simul</span> <span class='ocrx_word' id='word_1_224' title='bbox 1047 2734 1080 2791; x_wconf 90' lang='lat' dir='ltr'>fit</span> <span class='ocrx_word' id='word_1_225' title='bbox 1112 2734 1148 2792; x_wconf 91' lang='lat' dir='ltr'>de</span> <span class='ocrx_word' id='word_1_226' title='bbox 1174 2735 1269 2792; x_wconf 88' lang='lat' dir='ltr'>verbis</span> 
     </span>
    </p>
   </div>
   <div class='ocr_carea' id='block_1_3' title="bbox 135 2829 1272 3388">
    <p class='ocr_par' dir='ltr' id='par_1_4' title="bbox 135 2829 1272 3388">
     <span class='ocr_line' id='line_1_25' title="bbox 136 2829 1270 2908; baseline -0.001 -19"><span class='ocrx_word' id='word_1_227' title='bbox 136 2832 149 2889; x_wconf 83' lang='grc' dir='ltr'>ὁ</span> <span class='ocrx_word' id='word_1_228' title='bbox 172 2829 193 2889; x_wconf 69' lang='grc' dir='ltr'>δ’</span> <span class='ocrx_word' id='word_1_229' title='bbox 218 2831 315 2889; x_wconf 80' lang='grc' dir='ltr'>εἴσεται</span> <span class='ocrx_word' id='word_1_230' title='bbox 335 2830 406 2907; x_wconf 79' lang='grc' dir='ltr'>ἤθεα</span> <span class='ocrx_word' id='word_1_231' title='bbox 427 2830 537 2908; x_wconf 78' lang='grc' dir='ltr'>πατρός.</span> <span class='ocrx_word' id='word_1_232' title='bbox 579 2831 662 2904; x_wconf 76' lang='lat' dir='ltr'>Quod</span> <span class='ocrx_word' id='word_1_233' title='bbox 683 2833 757 2889; x_wconf 89' lang='lat' dir='ltr'>enim</span> <span class='ocrx_word' id='word_1_234' title='bbox 780 2831 953 2889; x_wconf 89' lang='lat' dir='ltr'>Theocritus</span> <span class='ocrx_word' id='word_1_235' title='bbox 974 2847 1038 2888; x_wconf 91' lang='lat' dir='ltr'>cum</span> <span class='ocrx_word' id='word_1_236' title='bbox 1060 2835 1182 2889; x_wconf 85' lang='lat' dir='ltr'>externa</span> <span class='ocrx_word' id='word_1_237' title='bbox 1202 2847 1270 2904; x_wconf 92' lang='lat' dir='ltr'>qua·</span> 
     </span>
     <span class='ocr_line' id='line_1_26' title="bbox 136 2928 1269 3000; baseline 0 -15"><span class='ocrx_word' id='word_1_238' title='bbox 136 2930 201 2986; x_wconf 91' lang='lat' dir='ltr'>dam</span> <span class='ocrx_word' id='word_1_239' title='bbox 223 2929 419 2986; x_wconf 88' lang='lat' dir='ltr'>similitudinis</span> <span class='ocrx_word' id='word_1_240' title='bbox 434 2930 530 3000; x_wconf 89' lang='lat' dir='ltr'>specie</span> <span class='ocrx_word' id='word_1_241' title='bbox 552 2929 587 2986; x_wconf 90' lang='lat' dir='ltr'>de</span> <span class='ocrx_word' id='word_1_242' title='bbox 601 2928 776 2999; x_wconf 82' lang='lat' dir='ltr'>Ptolemaeo,</span> <span class='ocrx_word' id='word_1_243' title='bbox 800 2929 910 3000; x_wconf 87' lang='lat' dir='ltr'>patriae</span> <span class='ocrx_word' id='word_1_244' title='bbox 925 2934 1022 2986; x_wconf 87' lang='lat' dir='ltr'>tutore</span> <span class='ocrx_word' id='word_1_245' title='bbox 1036 2928 1145 2985; x_wconf 89' lang='lat' dir='ltr'>Martis</span> <span class='ocrx_word' id='word_1_246' title='bbox 1165 2929 1269 3000; x_wconf 89' lang='lat' dir='ltr'>perito,</span> 
     </span>
     <span class='ocr_line' id='line_1_27' title="bbox 135 3021 1272 3102; baseline -0.002 -20"><span class='ocrx_word' id='word_1_247' title='bbox 135 3023 288 3097; x_wconf 84' lang='lat' dir='ltr'>profitetur</span> <span class='ocrx_word' id='word_1_248' title='bbox 309 3021 333 3101; x_wconf 74' lang='lat' dir='ltr'>qi</span> <span class='ocrx_word' id='word_1_249' title='bbox 354 3022 487 3102; x_wconf 68' lang='grc' dir='ltr'>ἐπίπαγγυ</span> <span class='ocrx_word' id='word_1_250' title='bbox 509 3022 587 3098; x_wconf 83' lang='grc' dir='ltr'>μέλει</span> <span class='ocrx_word' id='word_1_251' title='bbox 607 3024 731 3101; x_wconf 82' lang='grc' dir='ltr'>πατρώια</span> <span class='ocrx_word' id='word_1_252' title='bbox 751 3021 839 3082; x_wconf 79' lang='grc' dir='ltr'>πάντα</span> <span class='ocrx_word' id='word_1_253' title='bbox 860 3021 1004 3101; x_wconf 83' lang='grc' dir='ltr'>φυλάσσειν</span> <span class='ocrx_word' id='word_1_254' title='bbox 1026 3021 1060 3080; x_wconf 80' lang='grc' dir='ltr'>οἷ’</span> <span class='ocrx_word' id='word_1_255' title='bbox 1076 3021 1173 3100; x_wconf 77' lang='grc' dir='ltr'>ἀγαθῷ</span> <span class='ocrx_word' id='word_1_256' title='bbox 1195 3026 1272 3098; x_wconf 86' lang='grc' dir='ltr'>βασι-</span> 
     </span>
     <span class='ocr_line' id='line_1_28' title="bbox 136 3119 1271 3197; baseline -0.002 -18"><span class='ocrx_word' id='word_1_257' title='bbox 136 3124 186 3197; x_wconf 79' lang='grc' dir='ltr'>λῆι,</span> <span class='ocrx_word' id='word_1_258' title='bbox 209 3120 243 3178; x_wconf 78' lang='grc' dir='ltr'>τὰ</span> <span class='ocrx_word' id='word_1_259' title='bbox 265 3120 294 3178; x_wconf 78' lang='grc' dir='ltr'>δὲ</span> <span class='ocrx_word' id='word_1_260' title='bbox 315 3119 479 3185; x_wconf 73' lang='grc' dir='ltr'>κτεατίζεται</span> <span class='ocrx_word' id='word_1_261' title='bbox 502 3119 581 3183; x_wconf 79' lang='grc' dir='ltr'>αὐτός</span> <span class='ocrx_word' id='word_1_262' title='bbox 602 3121 674 3196; x_wconf 85' lang='grc'>(104</span> <span class='ocrx_word' id='word_1_263' title='bbox 695 3137 751 3192; x_wconf 86' lang='lat' dir='ltr'>sq.;</span> <span class='ocrx_word' id='word_1_264' title='bbox 778 3119 812 3178; x_wconf 83' lang='lat' dir='ltr'>of.</span> <span class='ocrx_word' id='word_1_265' title='bbox 835 3121 923 3178; x_wconf 86' lang='lat' dir='ltr'>etiam</span> <span class='ocrx_word' id='word_1_266' title='bbox 944 3137 986 3178; x_wconf 76' lang='lat' dir='ltr'>vs,</span> <span class='ocrx_word' id='word_1_267' title='bbox 1010 3120 1077 3194; x_wconf 86' lang='lat'>63),</span> <span class='ocrx_word' id='word_1_268' title='bbox 1103 3136 1161 3177; x_wconf 88' lang='lat' dir='ltr'>non</span> <span class='ocrx_word' id='word_1_269' title='bbox 1181 3119 1271 3177; x_wconf 83' lang='lat' dir='ltr'>inusi-</span> 
     </span>
     <span class='ocr_line' id='line_1_29' title="bbox 135 3215 1269 3289; baseline -0.003 -15"><span class='ocrx_word' id='word_1_270' title='bbox 135 3222 197 3274; x_wconf 88' lang='lat' dir='ltr'>tate</span> <span class='ocrx_word' id='word_1_271' title='bbox 218 3217 252 3274; x_wconf 91' lang='lat' dir='ltr'>de</span> <span class='ocrx_word' id='word_1_272' title='bbox 272 3217 416 3289; x_wconf 88' lang='lat' dir='ltr'>praeclari</span> <span class='ocrx_word' id='word_1_273' title='bbox 438 3218 531 3288; x_wconf 90' lang='lat' dir='ltr'>patris</span> <span class='ocrx_word' id='word_1_274' title='bbox 552 3215 627 3286; x_wconf 84' lang='lat' dir='ltr'>filio,</span> <span class='ocrx_word' id='word_1_275' title='bbox 659 3233 745 3287; x_wconf 89' lang='lat' dir='ltr'>quam</span> <span class='ocrx_word' id='word_1_276' title='bbox 766 3217 844 3275; x_wconf 90' lang='lat' dir='ltr'>illius</span> <span class='ocrx_word' id='word_1_277' title='bbox 866 3216 969 3274; x_wconf 90' lang='lat' dir='ltr'>similis</span> <span class='ocrx_word' id='word_1_278' title='bbox 995 3217 1045 3286; x_wconf 88' lang='lat' dir='ltr'>sit,</span> <span class='ocrx_word' id='word_1_279' title='bbox 1073 3215 1269 3287; x_wconf 88' lang='lat' dir='ltr'>praedicatur,</span> 
     </span>
     <span class='ocr_line' id='line_1_30' title="bbox 135 3308 1272 3388; baseline 0.001 -19"><span class='ocrx_word' id='word_1_280' title='bbox 135 3328 188 3370; x_wconf 92' lang='lat' dir='ltr'>nec</span> <span class='ocrx_word' id='word_1_281' title='bbox 221 3313 363 3370; x_wconf 87' lang='lat' dir='ltr'>inutiliter</span> <span class='ocrx_word' id='word_1_282' title='bbox 394 3313 488 3385; x_wconf 88' lang='lat' dir='ltr'>patris</span> <span class='ocrx_word' id='word_1_283' title='bbox 513 3313 671 3370; x_wconf 89' lang='lat' dir='ltr'>similitudo</span> <span class='ocrx_word' id='word_1_284' title='bbox 693 3319 881 3372; x_wconf 88' lang='lat' dir='ltr'>memoratur:</span> <span class='ocrx_word' id='word_1_285' title='bbox 913 3313 1011 3388; x_wconf 81' lang='grc' dir='ltr'>παῦροι</span> <span class='ocrx_word' id='word_1_286' title='bbox 1035 3308 1086 3387; x_wconf 86' lang='grc' dir='ltr'>γάρ</span> <span class='ocrx_word' id='word_1_287' title='bbox 1110 3332 1153 3369; x_wconf 92' lang='grc' dir='ltr'>τοι</span> <span class='ocrx_word' id='word_1_288' title='bbox 1177 3313 1272 3373; x_wconf 77' lang='grc' dir='ltr'>παῖδας</span> 
     </span>
    </p>
   </div>
   <div class='ocr_carea' id='block_1_4' title="bbox 135 3406 1272 4155">
    <p class='ocr_par' dir='ltr' id='par_1_5' title="bbox 135 3406 1272 3660">
     <span class='ocr_line' id='line_1_31' title="bbox 136 3406 1272 3485; baseline 0 -20"><span class='ocrx_word' id='word_1_289' title='bbox 136 3409 227 3482; x_wconf 86' lang='grc' dir='ltr'>ὁμοῖοι</span> <span class='ocrx_word' id='word_1_290' title='bbox 246 3408 326 3485; x_wconf 79' lang='grc' dir='ltr'>πατρὶ</span> <span class='ocrx_word' id='word_1_291' title='bbox 346 3406 474 3467; x_wconf 79' lang='grc' dir='ltr'>πέλονται</span> <span class='ocrx_word' id='word_1_292' title='bbox 496 3408 593 3485; x_wconf 86' lang='lat' dir='ltr'>(Hom.</span> <span class='ocrx_word' id='word_1_293' title='bbox 618 3412 632 3484; x_wconf 82' lang='grc' dir='ltr'>β</span> <span class='ocrx_word' id='word_1_294' title='bbox 655 3410 735 3483; x_wconf 74' lang='grc'>276).</span> <span class='ocrx_word' id='word_1_295' title='bbox 778 3408 876 3468; x_wconf 88' lang='lat' dir='ltr'>Verbo</span> <span class='ocrx_word' id='word_1_296' title='bbox 898 3410 953 3466; x_wconf 88' lang='lat' dir='ltr'>hoo</span> <span class='ocrx_word' id='word_1_297' title='bbox 979 3423 1091 3485; x_wconf 75' lang='lat' dir='ltr'>quoque</span> <span class='ocrx_word' id='word_1_298' title='bbox 1116 3413 1272 3480; x_wconf 80' lang='lat' dir='ltr'>tangama</span> 
     </span>
     <span class='ocr_line' id='line_1_32' title="bbox 135 3503 1272 3580; baseline -0.002 -17"><span class='ocrx_word' id='word_1_299' title='bbox 135 3503 314 3563; x_wconf 82' lang='lat' dir='ltr'>Callimacho</span> <span class='ocrx_word' id='word_1_300' title='bbox 336 3506 557 3577; x_wconf 88' lang='lat' dir='ltr'>Philadelphum</span> <span class='ocrx_word' id='word_1_301' title='bbox 587 3507 729 3579; x_wconf 91' lang='lat' dir='ltr'>appellari</span> <span class='ocrx_word' id='word_1_302' title='bbox 754 3505 819 3564; x_wconf 81' lang='grc' dir='ltr'>θεάν</span> <span class='ocrx_word' id='word_1_303' title='bbox 841 3505 938 3580; x_wconf 88' lang='grc'>(165),</span> <span class='ocrx_word' id='word_1_304' title='bbox 972 3521 1054 3576; x_wconf 91' lang='lat' dir='ltr'>quem</span> <span class='ocrx_word' id='word_1_305' title='bbox 1088 3503 1125 3561; x_wconf 87' lang='lat' dir='ltr'>ad</span> <span class='ocrx_word' id='word_1_306' title='bbox 1150 3503 1272 3575; x_wconf 87' lang='lat' dir='ltr'>gradum</span> 
     </span>
     <span class='ocr_line' id='line_1_33' title="bbox 135 3601 730 3660; baseline 0.003 -3"><span class='ocrx_word' id='word_1_307' title='bbox 135 3601 302 3658; x_wconf 91' lang='lat' dir='ltr'>blandiendi</span> <span class='ocrx_word' id='word_1_308' title='bbox 323 3602 495 3660; x_wconf 89' lang='lat' dir='ltr'>Theocritus</span> <span class='ocrx_word' id='word_1_309' title='bbox 515 3619 573 3659; x_wconf 88' lang='lat' dir='ltr'>non</span> <span class='ocrx_word' id='word_1_310' title='bbox 593 3602 730 3660; x_wconf 87' lang='lat' dir='ltr'>ascendit.</span> 
     </span>
    </p>

    <p class='ocr_par' dir='ltr' id='par_1_6' title="bbox 135 3698 1271 4155">
     <span class='ocr_line' id='line_1_34' title="bbox 215 3698 1270 3773; baseline 0.002 -19"><span class='ocrx_word' id='word_1_311' title='bbox 215 3698 299 3755; x_wconf 88' lang='lat' dir='ltr'>Alter</span> <span class='ocrx_word' id='word_1_312' title='bbox 320 3699 408 3768; x_wconf 90' lang='lat' dir='ltr'>locus,</span> <span class='ocrx_word' id='word_1_313' title='bbox 430 3715 515 3769; x_wconf 88' lang='lat' dir='ltr'>quem</span> <span class='ocrx_word' id='word_1_314' title='bbox 537 3699 675 3758; x_wconf 89' lang='lat' dir='ltr'>imitando</span> <span class='ocrx_word' id='word_1_315' title='bbox 691 3702 866 3772; x_wconf 88' lang='lat' dir='ltr'>expressisse</span> <span class='ocrx_word' id='word_1_316' title='bbox 880 3701 1022 3773; x_wconf 83' lang='lat' dir='ltr'>arguitur,</span> <span class='ocrx_word' id='word_1_317' title='bbox 1045 3698 1094 3756; x_wconf 91' lang='lat' dir='ltr'>hic</span> <span class='ocrx_word' id='word_1_318' title='bbox 1108 3703 1167 3755; x_wconf 89' lang='lat' dir='ltr'>est:</span> <span class='ocrx_word' id='word_1_319' title='bbox 1189 3704 1270 3770; x_wconf 83' lang='lat' dir='ltr'>post·</span> 
     </span>
     <span class='ocr_line' id='line_1_35' title="bbox 136 3794 1271 3873; baseline 0.002 -23"><span class='ocrx_word' id='word_1_320' title='bbox 136 3809 220 3863; x_wconf 86' lang='lat' dir='ltr'>quem</span> <span class='ocrx_word' id='word_1_321' title='bbox 241 3794 346 3866; x_wconf 87' lang='lat' dir='ltr'>Apollo</span> <span class='ocrx_word' id='word_1_322' title='bbox 372 3796 401 3851; x_wconf 93' lang='lat' dir='ltr'>in</span> <span class='ocrx_word' id='word_1_323' title='bbox 427 3795 520 3853; x_wconf 90' lang='lat' dir='ltr'>lucem</span> <span class='ocrx_word' id='word_1_324' title='bbox 544 3795 639 3854; x_wconf 85' lang='lat' dir='ltr'>editus</span> <span class='ocrx_word' id='word_1_325' title='bbox 660 3801 703 3854; x_wconf 90' lang='lat' dir='ltr'>est</span> <span class='ocrx_word' id='word_1_326' title='bbox 730 3795 860 3873; x_wconf 80' lang='grc' dir='ltr'>(ἔκθορεν</span> <span class='ocrx_word' id='word_1_327' title='bbox 883 3797 970 3870; x_wconf 79' lang='lat'>255),</span> <span class='ocrx_word' id='word_1_328' title='bbox 1001 3795 1145 3867; x_wconf 88' lang='lat' dir='ltr'>nymphae</span> <span class='ocrx_word' id='word_1_329' title='bbox 1166 3794 1271 3852; x_wconf 89' lang='lat' dir='ltr'>Deliae</span> 
     </span>
     <span class='ocr_line' id='line_1_36' title="bbox 136 3891 1270 3961; baseline 0.004 -15"><span class='ocrx_word' id='word_1_330' title='bbox 136 3905 248 3946; x_wconf 88' lang='lat' dir='ltr'>sacrum</span> <span class='ocrx_word' id='word_1_331' title='bbox 269 3906 385 3948; x_wconf 88' lang='lat' dir='ltr'>carmen</span> <span class='ocrx_word' id='word_1_332' title='bbox 413 3893 581 3949; x_wconf 82' lang='lat' dir='ltr'>cecinerunt</span> <span class='ocrx_word' id='word_1_333' title='bbox 602 3896 685 3950; x_wconf 91' lang='lat' dir='ltr'>tanta</span> <span class='ocrx_word' id='word_1_334' title='bbox 705 3908 790 3961; x_wconf 90' lang='lat' dir='ltr'>voce,</span> <span class='ocrx_word' id='word_1_335' title='bbox 822 3897 855 3949; x_wconf 89' lang='lat' dir='ltr'>ut</span> <span class='ocrx_word' id='word_1_336' title='bbox 875 3908 961 3950; x_wconf 91' lang='lat' dir='ltr'>sonos</span> <span class='ocrx_word' id='word_1_337' title='bbox 986 3891 1088 3948; x_wconf 79' lang='lat' dir='ltr'>aether</span> <span class='ocrx_word' id='word_1_338' title='bbox 1108 3895 1270 3950; x_wconf 85' lang='lat' dir='ltr'>resonaret.</span> 
     </span>
     <span class='ocr_line' id='line_1_37' title="bbox 135 3985 1270 4064; baseline 0.002 -22"><span class='ocrx_word' id='word_1_339' title='bbox 135 3985 208 4043; x_wconf 94' lang='lat' dir='ltr'>Tum</span> <span class='ocrx_word' id='word_1_340' title='bbox 228 4002 265 4043; x_wconf 88' lang='lat' dir='ltr'>ne</span> <span class='ocrx_word' id='word_1_341' title='bbox 286 3987 357 4044; x_wconf 92' lang='lat' dir='ltr'>luno</span> <span class='ocrx_word' id='word_1_342' title='bbox 379 3987 495 4058; x_wconf 88' lang='lat' dir='ltr'>quidem</span> <span class='ocrx_word' id='word_1_343' title='bbox 523 3987 595 4045; x_wconf 87' lang='lat' dir='ltr'>iram</span> <span class='ocrx_word' id='word_1_344' title='bbox 615 3987 747 4046; x_wconf 87' lang='lat' dir='ltr'>Latonae</span> <span class='ocrx_word' id='word_1_345' title='bbox 775 3989 918 4064; x_wconf 80' lang='lat' dir='ltr'>servavit3</span> <span class='ocrx_word' id='word_1_346' title='bbox 945 3988 1039 4045; x_wconf 87' lang='lat' dir='ltr'>omnia</span> <span class='ocrx_word' id='word_1_347' title='bbox 1065 3985 1117 4043; x_wconf 90' lang='lat' dir='ltr'>illo</span> <span class='ocrx_word' id='word_1_348' title='bbox 1138 3989 1270 4058; x_wconf 89' lang='lat' dir='ltr'>tempore</span> 
     </span>
     <span class='ocr_line' id='line_1_38' title="bbox 136 4081 1270 4155; baseline 0 -17"><span class='ocrx_word' id='word_1_349' title='bbox 136 4086 167 4138; x_wconf 87' lang='lat' dir='ltr'>et</span> <span class='ocrx_word' id='word_1_350' title='bbox 187 4083 217 4138; x_wconf 93' lang='lat' dir='ltr'>in</span> <span class='ocrx_word' id='word_1_351' title='bbox 231 4082 304 4141; x_wconf 90' lang='lat' dir='ltr'>Delo</span> <span class='ocrx_word' id='word_1_352' title='bbox 325 4084 390 4155; x_wconf 91' lang='lat' dir='ltr'>ipsa</span> <span class='ocrx_word' id='word_1_353' title='bbox 411 4088 441 4141; x_wconf 88' lang='lat' dir='ltr'>et</span> <span class='ocrx_word' id='word_1_354' title='bbox 463 4084 540 4142; x_wconf 88' lang='lat' dir='ltr'>circe</span> <span class='ocrx_word' id='word_1_355' title='bbox 561 4099 623 4141; x_wconf 90' lang='lat' dir='ltr'>eam</span> <span class='ocrx_word' id='word_1_356' title='bbox 643 4098 714 4140; x_wconf 87' lang='lat' dir='ltr'>auro</span> <span class='ocrx_word' id='word_1_357' title='bbox 735 4081 885 4153; x_wconf 82' lang='lat' dir='ltr'>fulgebant</span> <span class='ocrx_word' id='word_1_358' title='bbox 906 4087 936 4139; x_wconf 91' lang='lat' dir='ltr'>et</span> <span class='ocrx_word' id='word_1_359' title='bbox 956 4081 1157 4149; x_wconf 82' lang='lat' dir='ltr'>abundabant3</span> <span class='ocrx_word' id='word_1_360' title='bbox 1178 4081 1270 4141; x_wconf 91' lang='lat' dir='ltr'>Delus</span> 
     </span>
    </p>
   </div>
   <div class='ocr_carea' id='block_1_5' title="bbox 0 0 1414 4688">
    <p class='ocr_par' dir='ltr' id='par_1_7' title="bbox 0 0 1414 4688">
     <span class='ocr_line' id='line_1_39' title="bbox 0 0 1414 4688; baseline 0 0"><span class='ocrx_word' id='word_1_361' title='bbox 0 0 1414 4688; x_wconf 95' lang='lat' dir='ltr'> </span> 
     </span>
    </p>
   </div>
  </div>
 </body>
</html>
