2820 4688
597 401 815 464 ..13-

219 592 275 651 Sed
300 592 399 650 videor
423 590 494 648 mihi
517 590 683 662 probavisse
710 606 826 648 carmen
849 588 925 648 XVI
949 589 1087 661 scriptum
1113 606 1174 648 esse
1199 595 1266 647 ante

138 707 163 748 c.
178 687 305 764 XVH¹).
347 689 426 759 Quae
440 688 531 759 igitur
544 688 576 745 in
595 687 721 745 carmine
742 686 793 744 illo
810 686 893 745 dicit:
916 683 1023 762 δίζημαι
1045 684 1066 743 δ’
1082 684 1266 744 desidiores

138 783 333 863 κεχαρισμένος
354 782 426 842 ἔνθα)
448 785 494 842 σὺν
516 781 628 847 Μοίσαις
648 783 701 859 (68
721 785 787 859 sq),
811 784 847 842 ab
867 783 993 841 Hierone
1018 781 1127 841 frustra
1152 783 1264 856 petivit,
1375 845 1377 848 ,

141 882 311 954 impetravit
331 898 349 938 a
369 877 571 956 Ptolemaeo²).
931 923 932 926 η

217 977 319 1048 Itaque
351 994 414 1035 cnm
442 994 557 1036 carmen
581 977 651 1035 XVI
677 977 864 1050 composiium
894 977 934 1035 sit
957 977 1033 1035 inter
1059 978 1117 1035 274
1143 976 1265 1043 01270,

138 1093 196 1134 non
215 1075 294 1132 nltra
315 1091 341 1132 a.
364 1075 423 1133 270
442 1073 542 1133 licebit
562 1090 668 1146 ponere
688 1075 849 1141 terminum,
877 1079 1047 1145 postquem
1068 1073 1207 1146 scriptum
1228 1072 1267 1131 sit

140 1190 164 1231 0.
187 1171 287 1240 XVII;
308 1188 376 1230 nam
398 1171 510 1229 etiamsi
529 1186 557 1230 a.
571 1171 630 1228 274
644 1170 816 1229 Theocritus
837 1186 953 1228 carmen
967 1169 1044 1230 XVI
1064 1169 1265 1248 composuerit,

137 1285 195 1327 non
218 1267 374 1327 verisimile
405 1273 450 1326 est
474 1283 538 1325 enm
559 1283 609 1340 spe
642 1284 694 1325 sua
720 1267 751 1324 in
776 1267 878 1325 Sicilia
904 1267 1045 1325 deiectum
1069 1266 1265 1325 Ptolemaeum

142 1366 241 1424 statim
263 1365 392 1423 encomio
407 1363 525 1434 adiisse3
548 1364 643 1438 potius
656 1380 763 1437 paucos
784 1379 873 1422 annos
894 1380 1010 1422 carmen
1030 1365 1107 1422 inter
1127 1364 1265 1423 decimum

140 1467 252 1521 sextum
273 1466 302 1519 et
323 1462 475 1534 septimum
496 1461 691 1519 intercessisse
711 1459 797 1518 facile
818 1460 991 1532 putabimus.

218 1557 357 1618 Videmus
382 1574 468 1630 nunc,
501 1558 563 1617 sive
588 1574 614 1615 a.
641 1557 698 1615 276
731 1557 849 1628 nuptiae
877 1556 1016 1615 Arsinoae
1045 1554 1174 1624 fuerunt,
1205 1555 1264 1614 sive

138 1660 252 1728 postea,
285 1671 349 1713 cnm
369 1660 435 1727 post
455 1671 481 1712 a.
505 1655 562 1713 270
584 1670 634 1712 eas
659 1670 715 1711 non
736 1652 823 1711 fuisse
844 1653 915 1711 satis
936 1657 1059 1723 constet,
1091 1653 1128 1711 ab
1148 1653 1264 1711 illarum

136 1758 233 1810 aetate
257 1769 314 1810 non
339 1752 436 1810 omnia
456 1752 581 1824 pendere
606 1751 643 1809 ad
666 1750 801 1809 carminis
822 1750 907 1810 XVII
931 1756 1043 1824 tempus
1062 1749 1263 1822 indagandum.

137 1883 173 1892 —
196 1848 304 1923 Quodsi
324 1853 426 1921 postea
445 1846 568 1906 fortasse
594 1863 726 1906 eruamus
747 1862 863 1905 carmen
884 1847 969 1904 XVII
988 1847 1108 1920 propius
1128 1844 1263 1903 accedere

137 1946 175 2004 ad
200 1963 225 2003 a.
249 1947 308 2004 270
334 1951 365 2003 et
390 1946 415 2004 si
440 1960 539 2004 verum
570 1944 610 2002 sit
633 1944 749 2017 nuptias
773 1945 862 2002 fnisse
887 1960 913 2002 a.
935 1945 991 2002 271
1024 1943 1072 2002 vel
1099 1942 1165 2012 270,
1197 1942 1263 2000 inde

137 2059 206 2100 sane
228 2041 407 2112 efficeretur,
439 2047 472 2099 nt
493 2057 607 2100 carmen
628 2042 725 2099 statim
750 2045 816 2115 post
835 2041 901 2099 illas
921 2040 1015 2104 fieret:
1048 2043 1080 2097 at
1100 2038 1264 2097 efficeretur

136 2139 166 2197 id
186 2139 282 2196 causis
303 2138 376 2205 aliis,
398 2155 456 2196 non
477 2138 526 2210 eis,
548 2153 619 2208 quas
638 2153 727 2210 supra
746 2135 869 2195 refutavi
890 2136 998 2196 inanes.
1013 2168 1050 2177 —

218 2233 340 2292 Carmen
360 2231 447 2291 XVII
472 2233 660 2305 compositum
684 2237 730 2292 est
750 2237 815 2305 post
840 2250 865 2291 a.
891 2233 958 2291 270.
1003 2230 1110 2291 Altera
1135 2234 1262 2305 quaestio

136 2334 188 2403 est,
212 2347 267 2402 quo
290 2346 363 2388 anno
384 2329 439 2399 vel,
451 2330 485 2406 ‘si
506 2329 598 2387 minus
617 2330 672 2388 hoo
692 2330 765 2388 solre
786 2345 944 2402 possumus,
965 2334 1032 2387 aute
1054 2345 1138 2401 quem
1158 2346 1263 2387 annum

137 2427 275 2500 seriptum
296 2427 343 2484 sit.
385 2425 562 2484 Euersibus
583 2425 658 2483 enim
680 2427 717 2484 53
738 2442 809 2497 sqq,
840 2425 870 2483 in
891 2425 993 2496 quibus
1019 2426 1054 2483 de
1073 2425 1262 2498 Philadelpho

137 2526 167 2582 in
188 2526 280 2582 lucem
301 2524 377 2582 edito
398 2523 495 2595 agitur
515 2527 546 2580 et
566 2522 707 2595 imprimis
728 2522 763 2580 de
784 2521 826 2581 Co
847 2523 953 2594 insula,
984 2522 1015 2579 in
1036 2539 1091 2594 qua
1110 2523 1160 2580 ille
1179 2528 1263 2580 natus

137 2626 191 2691 est,
213 2621 342 2678 nonnulli
354 2620 410 2678 viri
431 2619 510 2678 docti
530 2602 816 2677 ¹velntBueohelerus
838 2619 1037 2677 concluserunt
1058 2636 1081 2678 c.
1096 2619 1188 2679 XVII
1207 2636 1262 2678 non

138 2734 221 2792 posse
236 2716 423 2789 compositum
438 2733 499 2775 esse
514 2721 580 2790 post
593 2732 718 2790 pugnam
732 2717 814 2774 illam
825 2716 922 2788 dcam,
938 2733 994 2788 qua
1008 2717 1092 2776 classi
1105 2716 1265 2776 Ptolemaei

138 2816 175 2874 ab
206 2815 354 2885 Antigono
384 2813 499 2872 Gouata
529 2813 641 2871 cladem
672 2830 729 2871 non
760 2829 878 2886 parvam
908 2813 1028 2872 inlatam
1060 2829 1121 2872 esse
1151 2818 1265 2872 constat

140 2913 296 2986 (Droysen.
323 2927 350 2983 p.
374 2911 429 2967 241
452 2925 495 2994 sq.
518 2910 573 2968 271
602 2911 686 2985 sqq).
728 2910 755 2968 n
787 2914 853 2969 sunt
873 2927 936 2969 meo
961 2926 1046 2968 sensu
1070 2927 1127 2968 non
1149 2926 1265 2984 prorsus

138 3009 215 3079 falsi,
238 3009 287 3080 qni
306 3007 348 3065 ita
367 3006 505 3066 iudicant.
540 3006 620 3065 Dicit
644 3008 720 3065 enim
734 3024 777 3068 vs.
791 3009 829 3066 58
843 3024 898 3079 sq:
921 3005 968 3067 καί
987 3029 1016 3065 σε
1037 3005 1120 3072 Κόως
1140 3006 1264 3066 ἀτίταλλε

138 3106 236 3184 βρέφος
262 3103 397 3178 coquito
423 3102 502 3161 ἐόντα
530 3102 662 3179 δεξαμένα
688 3103 761 3182 παρὰ
782 3104 895 3182 ματρός,
928 3103 974 3162 ὅτε
998 3103 1108 3182 πρώταν
1135 3104 1189 3168 ἴδες
1208 3103 1263 3175 ἀῶ;

138 3208 169 3260 et
184 3204 222 3261 64
238 3217 294 3272 sq.:
316 3199 400 3264 Κόως
414 3198 435 3257 δ’
451 3198 578 3265 ὀλόλυξεν
593 3199 685 3272 ἰδοῖσα,
708 3204 746 3276 φᾶ
760 3200 790 3258 δέ
808 3200 1003 3277 καθαπτομένα
1016 3200 1129 3278 βρέφεος
1146 3199 1265 3280 Ιχείρεσσι

138 3298 260 3376 φίλῃσιν,
293 3299 351 3357 iam
382 3303 540 3368 sequnntur
574 3301 642 3355 vota
672 3313 722 3370 pro
743 3296 930 3371 Philadelpho
960 3297 1049 3356 iacta:
1080 3295 1153 3373 ὄλβιε
1183 3298 1264 3375 κοῦρε

137 3395 234 3469 γένοιο·
257 3393 321 3458 τίσις
342 3391 372 3451 δέ
393 3414 428 3468 με
448 3391 552 3459 τόσσον,
575 3391 689 3469 ὅσονπερ
709 3391 799 3451 Δᾶλον
820 3391 943 3468 έτίμασεν
964 3391 1145 3469 κυανάμποκα
1165 3393 1265 3470 Φοῖβος

140 3492 296 3551 Ἀπόλλων.
348 3490 434 3549 Certe
464 3489 513 3549 vix
539 3488 677 3548 credibile
707 3494 753 3548 est
776 3490 862 3562 paulo
893 3495 958 3562 post
983 3490 1092 3549 cladem
1117 3495 1264 3565 acceptam

140 3589 213 3647 haec
243 3592 360 3661 poetam
386 3586 513 3643 locutum
544 3601 606 3643 esse
630 3585 661 3642 in
685 3585 825 3655 carmine,
857 3586 887 3643 in
912 3602 967 3657 qno
988 3588 1082 3646 omnia
1107 3588 1264 3648 inserviant

213 3821 233 3890 ¹)
252 3819 338 3874 Recte
357 3820 392 3876 de
412 3818 508 3876 ordine
521 3818 665 3874 amborum
683 3818 836 3873 carmInum
848 3817 970 3875 iudicant
982 3817 1129 3876 Susemihl.
1147 3837 1174 3891 p.
1187 3820 1264 3876 XVII

141 3912 169 3964 et
186 3907 346 3964 HaeberIIn.
364 3924 397 3977 p.·
410 3909 453 3965 56.
474 3939 507 3948 -
566 3974 567 3979 ἵ

212 3998 232 4065 ²)
250 3993 418 4051 strehlen.
431 4012 459 4067 p.
473 3997 538 4061 8423
557 4011 645 4065 aeque
663 3993 768 4051 iudicat
781 3994 813 4052 O.
826 3995 1004 4066 Ribbechins‚
1022 3995 1064 4050 vir
1075 3995 1263 4051 doctissimus:

141 4085 251 4140 Prouss.
270 4083 368 4141 Jahrb.
387 4086 431 4155 32,
454 4085 530 4152 1873,
550 4099 576 4154 p.
597 4086 628 4139 81
649 4099 710 4156 sqq.
729 4113 763 4124 -
