2820 4688
523 416 743 477 ..17-

144 607 224 677 Quae
246 621 309 664 curn
322 607 366 663 ita
386 606 454 674 sint,
475 620 532 662 non
553 604 722 675 errabimus,
745 605 769 663 si
783 620 918 678 negamus
938 604 1008 662 bolli
1022 605 1200 677 temporibus

61 719 179 761 carmen
201 702 309 761 deberi.
345 701 517 761 Provinciae
530 706 636 771 autern,
659 717 733 773 quae
752 702 820 760 inde
840 717 914 759 avs.
932 703 970 760 86
985 705 1198 773 enumerantur,

61 815 117 871 quo
132 815 263 871 quaeque
276 803 408 871 tempore
423 798 474 856 sub
496 799 650 871 imperium
665 797 827 856 Ptolemaei
841 799 981 871 venerint,
1003 814 1060 855 non
1074 801 1197 856 constat.

60 897 122 954 Nec
143 900 242 953 111111
262 895 378 953 videtur
398 893 503 952 falsum
524 910 599 965 esse,
633 893 709 964 quod
729 894 899 967 Hempelius
925 892 968 968 (p.
991 895 1028 952 78
1050 893 1125 968 sqq.)
1147 894 1198 952 de·

60 996 222 1051 monstrare
248 995 370 1050 conatur
395 991 512 1049 circiter
536 1006 562 1048 1.
586 991 836 1050 26611111111
860 993 940 1063 regis
960 991 1057 1050 fuisse.
1099 991 1198 1062 Atque

61 1089 133 1147 adeo
156 1090 309 1161 quominus
329 1089 388 1146 1111
408 1092 476 1146 aute
498 1088 599 1146 1266
620 1089 681 1146 1111
702 1087 820 1157 fuerint,
843 1089 913 1159 quid
933 1087 1071 1161 impediat
1091 1089 1197 1146 11111

61 1186 187 1243 omnium
213 1202 312 1243 rerum
337 1189 552 1257 temporumque
579 1185 756 1243 obscuritate
776 1201 834 1243 non
858 1185 953 1244 video.
994 1186 1095 1256 Neque
1116 1185 1218 1256 quic,

59 1298 147 1352 quam
171 1282 240 1341 iude
266 1282 492 1340 concludendum
517 1287 574 1354 ost,
607 1281 683 1352 quod
708 1285 796 1354 poeta
816 1279 961 1354 Cyrenas,
992 1284 1099 1356 quippe
1127 1299 1198 1353 quas

59 1379 183 1445 fort-asse
218 1381 333 1437 nomine
365 1378 466 1456 Λιβύας
496 1377 562 1454 (87)
598 1380 748 1452 amplexus
780 1380 832 1447 sit,
867 1380 995 1438 noluerit
1028 1380 1197 1437 nominatim
1282 1424 1286 1431 .

61 1493 243 1537 enumerare.
285 1475 421 1535 Ceterum
446 1493 505 1534 non
525 1477 657 1549 cogimur
677 1475 817 1534 arbitrari
838 1476 963 1533 omnium
984 1477 1196 1549 provinciarum

58 1574 176 1631 illarum
208 1590 309 1646 regem
340 1577 440 1647 partes
471 1573 598 1632 tonuisse
628 1589 763 1645 magnas,
796 1572 865 1644 quia
890 1573 1077 1631 Theocritum
1109 1573 1198 1631 nimio

58 1670 155 1727 studio
182 1669 322 1741 laudandi
353 1670 469 1727 ductum
499 1686 546 1727 res
577 1669 768 1742 amplificasse
794 1671 928 1728 evincere
958 1685 1107 1742 possumus
1139 1670 1198 1727 his:

59 1765 186 1824 θάλασσα
208 1766 238 1824 δὲ
259 1765 391 1825 πᾶσακαὶ
412 1764 458 1824 αἶα
479 1765 524 1826 καὶ
544 1765 662 1841 ποταμοὶ
677 1765 840 1830 κελάδοντες
854 1765 1014 1825 ἀνάσσονται
1034 1764 1197 1842 Πτολεμαίῳ

58 1862 108 1938 (91
132 1863 204 1938 sq.):
232 1865 262 1920 in
284 1863 386 1935 quibus
406 1864 503 1923 verbis
527 1865 696 1922 vocabulum
722 1866 795 1921 πᾶσα
816 1868 937 1936 propter
957 1863 1095 1922 sermonis
1115 1878 1199 1920 usum

56 1958 186 2018 rciertur
207 1960 296 2017 111111
317 1960 355 2018 ad
376 1958 430 2020 αἶα.

145 2055 240 2126 Quare
261 2073 326 2113 cum
346 2060 376 2114 et
397 2055 585 2114 statuerimus
605 2057 686 2129 pacis
700 2061 829 2130 tempore
844 2072 959 2114 carmen
977 2056 1117 2129 scriptum
1138 2058 1218 2115 esse'

57 2156 89 2209 et
109 2152 284 2223 ignoremus,
307 2171 326 2211 a
346 2169 401 2224 quo
423 2169 498 2211 anno
511 2169 607 2211 omnes
628 2153 794 2225 provinciae
814 2153 884 2210 illae
905 2153 1066 2210 Ptolemaei
1080 2152 1198 2222 fuerint,

56 2247 126 2306 inde
143 2249 216 2306 nihil
231 2250 395 2322 proficimus
409 2249 446 2307 ad
462 2250 598 2308 carminis
619 2254 734 2322 tempus
754 2250 919 2308 accuratius
940 2249 1197 2322 determinandum,

56 2343 116 2402 nisi
138 2344 167 2402 id
189 2345 264 2415 quod
286 2347 344 2404 iam
369 2346 564 2419 intellegitur,
598 2347 658 2404 sive
678 2347 821 2419 proelium
842 2345 931 2404 Coum
953 2346 1133 2404 commissum
1154 2352 1199 2403 est

56 2457 84 2498 a.
108 2441 166 2498 266
188 2441 248 2498 sive
270 2443 338 2515 263,
360 2441 1058 2518 1111111111111111111116111111(266-63)
1082 2457 1196 2515 compo-

56 2537 146 2595 situm
167 2554 230 2596 esse
261 2543 312 2597 111
332 2539 409 2597 inter
429 2557 454 2596 a.
478 2540 668 2597 27011266
695 2544 747 2598 111
771 2540 912 2611 longioris
937 2540 1076 2613 temporis
1103 2541 1196 2612 spatio

55 2639 124 2706 post
149 2633 238 2692 Coum
271 2634 390 2693 cladem.
432 2635 492 2694 Sub
516 2636 601 2694 finem
625 2652 696 2695 vero
722 2637 800 2694 vitae
826 2635 1011 2709 Philadelphi
1038 2636 1198 2694 encomium

56 2731 198 2804 scriptum
219 2738 349 2800 nonest,
373 2749 437 2790 cum
458 2733 493 2791 ob
508 2733 567 2790 alia
587 2736 647 2791 tum
667 2739 823 2805 propterea
844 2733 920 2804 quod
933 2750 992 2791 non
1011 2749 1109 2791 omnes
1129 2750 1197 2805 pro·

55 2829 169 2887 vincias
201 2830 316 2888 easdem
347 2830 513 2903 Euergeteu
533 2848 552 2888 a
576 2835 660 2903 patre
686 2831 834 2902 accepisse
866 2831 970 2887 titulus
994 2828 1196 2904 Adulitanus¹)

57 2926 115 3002 (vs,
144 2929 162 2984 5
189 2928 265 3002 sqq.)
296 2932 434 2985 testatur:
468 2927 633 3004 παραλαβὼν
664 2926 739 3003 παρὰ
769 2928 817 2985 τοῦ
848 2925 951 3003 πατρὸς
981 2926 1030 3002 τὴν
1062 2924 1196 3003 βασιλείαν

56 3023 194 3098 Αἰγύπτου
216 3023 264 3083 καὶ
283 3023 386 3101 Λιβύης
412 3023 457 3083 καὶ
478 3023 576 3101 Συρίας
596 3024 642 3083 καὶ
667 3023 796 3099 Φοινίκης
817 3022 862 3082 καὶ
887 3021 1003 3094 Κύπρου
1024 3023 1070 3082 καὶ
1091 3022 1197 3087 Λυκίας

56 3119 103 3178 καὶ
123 3119 232 3198 Καρίας
251 3120 297 3180 καὶ
317 3124 372 3178 τῶν
393 3119 551 3180 Κυκλάδων
573 3122 672 3199 νήσων.

139 3218 205 3276 1111
226 3234 291 3279 cum
312 3234 346 3275 ex
367 3218 438 3291 ipsis
461 3217 597 3276 carminis
617 3219 712 3276 verbis
733 3235 791 3276 non
811 3217 955 3290 possimus
976 3233 1094 3289 prorsus
1116 3222 1196 3275 certo

56 3331 173 3386 eruere,
207 3322 305 3373 utrum
335 3319 403 3373 ante
429 3332 455 3372 a.
479 3316 537 3373 266
559 3315 699 3388 scriptum
730 3315 769 3373 sit
799 3331 837 3372 an
858 3315 949 3371 multo
971 3320 1049 3386 post,
1083 3313 1196 3372 silentio

55 3411 156 3484 aliquo
177 3412 221 3470 uti
241 3411 365 3470 fortasse
386 3411 469 3470 nobis
481 3412 560 3472 licet.
592 3411 790 3471 Buechelerus
805 3410 881 3468 enim
903 3413 1000 3467 censet
1021 3408 1062 3483 (p.
1080 3409 1126 3468 55.
1144 3409 1195 3483 57)

55 3510 163 3583 scripti
184 3510 270 3568 huius
302 3510 437 3568 carminis
457 3515 588 3582 tempore
608 3509 804 3567 Ptolemaeum
824 3524 882 3566 non
907 3506 1041 3578 adoptari
1062 3522 1080 3561 a
1100 3521 1197 3563 sorore

54 3606 177 3664 iussisse
213 3606 311 3665 uxoris
346 3605 451 3678 prioris
481 3605 602 3676 liberos,
637 3609 795 3677 propterea
828 3603 905 3675 quod
938 3619 1039 3661 versus
1075 3603 1113 3658 43
1150 3617 1194 3672 sq.

53 3700 204 3779 (ἀστόργου
226 3701 257 3759 δὲ
286 3700 411 3776 γυναικὸς
436 3699 476 3758 ἐπ’
509 3699 643 3778 ἀλλοτρίῳ
665 3700 727 3764 νάος
749 3699 807 3768 αἰεί,
840 3698 936 3777 ῥηίδίοι
957 3699 987 3757 δὲ
1007 3697 1091 3773 γοναί,
1113 3696 1195 3756 τέκνα

54 3797 77 3856 δ’
94 3797 128 3856 οὐ
142 3797 304 3858 ποτεοικάτα
325 3797 419 3875 πατρί)
440 3798 478 3855 16
492 3796 646 3868 Arsinoen,
668 3797 795 3869 priorem
810 3797 890 3869 regis
904 3811 1030 3866 uxorem,
1053 3799 1196 3867 spectent,

52 3902 88 3954 ut
109 3895 258 3956 Haulerus
280 3912 392 3969 quoque
418 3895 459 3970 (p.
481 3894 534 3969 24)
567 3895 728 3967 suspicatus
750 3898 824 3953 1111.
866 3894 951 3951 lllum
971 3895 1086 3951 secutus
1107 3888 1195 3951 Suse-

129 4116 151 4185 ¹)
171 4113 202 4171 6.
220 4114 242 4171 I.
262 4115 311 4171 61.
329 4114 370 4170 Ill
388 4133 415 4186 p.
435 4117 487 4172 508
506 4131 568 4187 sqq.
587 4145 621 4154 -
1019 4200 1037 4252 2
