2820 4688
588 389 913 486 -ni-''

126 615 251 672 fortasse
271 614 389 670 verbum
416 614 523 671 totiens
544 614 706 671 lectitatum
727 613 758 670 in
779 617 874 671 mente
896 617 1024 679 teneret,
1056 613 1086 669 in
1107 612 1197 670 simili
1217 629 1263 670 ar·

129 714 264 782 gumento
278 709 357 780 loqui
370 709 479 782 potuit:
497 706 600 786 Ἕβρον
615 708 669 785 πάρ
690 708 812 783 ποταμὸν
827 708 1014 786 τετραμμένος
1028 706 1141 783 ἐγγύθεν
1156 706 1260 785 ἀρκτωε

130 808 172 865 sic
193 807 268 864 enim
289 805 454 864 verbanno
475 809 577 863 tenore
592 804 789 877 coniungenda
810 821 873 863 esse
894 805 1009 877 virgula
1031 809 1096 878 post
1118 804 1212 881 μέσσῳ
1233 807 1263 864 in

130 901 187 960 fine
208 918 308 961 versus
328 901 525 960 antecedentis
539 901 634 974 posita
654 906 734 959 recte
748 901 943 960 Buechelerus
962 902 983 959 l.
998 902 1018 958 l.
1035 900 1142 959 docuit.
1176 902 1263 960 Certe

125 999 197 1057 locis
218 998 338 1057 Arateis
368 998 512 1056 evincitur
537 997 608 1055 nihil
637 997 667 1054 in
688 997 743 1055 hoc
768 1012 856 1056 versu
876 997 1065 1070 depravatum
1086 1014 1164 1063 esse;
1198 1014 1262 1056 nam

126 1095 203 1166 quod
223 1096 253 1152 in
275 1095 336 1153 solo
358 1095 458 1152 codice
483 1093 710 1171 Ιιτετραμμένος
734 1093 858 1166 legitur,
889 1093 920 1151 in
945 1094 1065 1164 reliquis
1092 1093 1261 1169 κεκλιμένος,

128 1191 203 1261 quod
224 1193 255 1249 in
275 1192 296 1248 k
317 1208 429 1263 quoque
450 1191 575 1263 margini
589 1190 767 1262 adscriptum
788 1196 841 1261 est,
867 1191 921 1248 hoc
943 1205 959 1246 e
979 1190 1078 1263 glossa
1099 1192 1198 1264 aliqua
1217 1194 1262 1251 vel

124 1288 240 1346 librarii
261 1289 345 1360 culpa
366 1289 528 1346 intextum
542 1289 693 1360 irrepsisse
715 1287 841 1345 videtur:
867 1291 1028 1358 utrumque,
1051 1293 1082 1346 et
1103 1288 1262 1364 κεκλιμένος

125 1388 155 1441 et
185 1384 385 1461 τετραμμένος,
418 1400 470 1456 per
496 1402 526 1443 se
552 1401 588 1442 ex
615 1381 710 1442 Arato
742 1400 853 1442 sumere
879 1389 1008 1457 poterat;
1041 1385 1093 1443 sed
1123 1385 1263 1457 quidquid

128 1480 300 1539 Theocritus
319 1481 438 1554 scripsit
458 1513 496 1523 -
518 1497 611 1552 neque
633 1482 708 1538 enim
724 1481 900 1539 confidenter
919 1481 950 1538 id
971 1482 1062 1539 statui
1082 1482 1194 1554 poterit
1216 1515 1260 1551 -‚

128 1593 185 1634 non
205 1576 238 1634 fit
259 1577 389 1636 imitator
409 1577 496 1635 Arati
516 1582 636 1651 propter
657 1579 731 1636 hane
752 1594 839 1635 unam
859 1593 969 1648 vocem,
991 1579 1071 1636 velut
1091 1579 1263 1652 Apollonius

124 1673 257 1732 Rhodius
278 1674 309 1732 in
329 1675 425 1733 verbis
447 1673 545 1737 ἐσθλὸς
566 1675 589 1730 δ’
617 1671 728 1750 ἀνέμοιο
750 1673 868 1737 θυέλλας
889 1673 935 1733 καὶ
954 1674 1039 1732 πλέον
1060 1672 1145 1751 ἠελίῳ
1166 1697 1196 1733 τε
1218 1674 1262 1734 καὶ

125 1768 215 1846 ἀστέρι
241 1768 476 1846 τεκμήρασθαι
502 1771 544 1846 (1,
569 1772 624 1828 107
647 1769 703 1844 sq.)
730 1772 776 1828 vix
802 1771 934 1829 imitatus
958 1775 1003 1829 est
1023 1770 1153 1830 Aratum
1177 1788 1261 1831 vota·

126 1866 201 1924 bulis
214 1865 408 1944 τεκμαίρεσθαι
429 1873 458 1925 et
473 1866 596 1942 ἐπιτεκμ.
618 1867 785 1940 saepissime
799 1871 926 1925 utentem
947 1872 978 1925 et
999 1884 1024 1927 e.
1045 1884 1074 1940 g.
1097 1870 1171 1927 haec
1192 1871 1261 1928 scri·

124 1963 253 2022 bentem:
279 1961 378 2040 Ἑλίκῃ
400 1985 430 2037 γε
452 1962 501 2038 μὲν
523 1961 618 2040 ἀνδρες
639 1962 748 2042 Ἀχαιοὶ
767 1962 804 2021 εἰν
819 1963 863 2023 ἁλὶ
883 1962 1123 2042 τεκμαίρονται
1141 1965 1187 2024 ἵνα
1206 1965 1260 2044 χρὴ

124 2063 190 2137 νῆας
211 2060 307 2134 ἀγινεῖν
328 2060 379 2135 (37
402 2059 465 2135 αα).

204 2156 329 2216 Gravius
351 2163 407 2226 est,
441 2158 518 2229 quod
538 2174 631 2230 nuper
652 2159 834 2231 exstiterunt,
857 2159 907 2231 qul
930 2159 1118 2218 Theocritum
1137 2160 1260 2219 maxime

122 2254 154 2311 in
176 2271 200 2315 c.
222 2254 310 2314 XVII
330 2255 453 2327 hymnos
476 2255 646 2314 Callimachi
672 2256 814 2314 imitando
842 2256 1017 2328 expressisse
1042 2257 1260 2327 contenderent

124 2367 247 2422 quorum
267 2352 410 2425 princeps,
431 2353 613 2425 Hempelius,
636 2354 729 2411 multa
749 2369 838 2425 opera
858 2358 965 2411 novata
992 2358 1080 2424 atque
1100 2353 1191 2412 ctiam
1212 2357 1261 2411 ta-

124 2447 193 2505 bula
220 2453 390 2520 conspectus
422 2465 510 2506 causa
535 2449 646 2507 inserta
667 2449 707 2524 (p.
731 2451 769 2507 82
791 2447 866 2523 sqq.)
893 2451 1067 2508 sententiam
1091 2467 1173 2508 suam
1194 2466 1261 2523 pro-

124 2543 206 2602 bavit
249 2544 320 2608 „mit
360 2545 493 2603 ziemlich
535 2545 726 2617 gewichtigen
764 2545 1036 2618 Beweisgriinden“‚
1080 2547 1105 2604 si
1147 2547 1261 2618 quidem

124 2640 165 2698 Κ.
187 2639 340 2716 Zettelio¹)
363 2638 448 2698 fidem
474 2641 612 2699 habemus
637 2642 682 2698 ita
708 2643 739 2699 in
764 2643 933 2700 recensione
955 2641 1167 2700 dissertationis
1187 2642 1261 2701 iudi-

124 2736 210 2794 canti.
264 2739 405 2795 Assensus
439 2741 594 2811 praeterea
624 2743 670 2797 est
700 2738 762 2797 sine
793 2739 854 2796 ulla
885 2738 1067 2796 dubitatione
1098 2738 1261 2797 Briuherus

124 2831 164 2907 (p.
191 2836 226 2890 11
248 2838 279 2890 et
301 2834 361 2909 71).
384 2833 526 2907 —Quae
553 2835 649 2908 opinio
677 2837 702 2894 si
727 2852 796 2894 vera
821 2836 860 2893 sit
881 2835 1068 2894 Theocritum
1089 2835 1261 2894 Callimachi

123 2930 180 2987 viri
210 2930 288 2988 docti
313 2931 433 3004 hymnos
464 2932 644 2991 doctissimos
674 2933 821 2991 imitatum
847 2948 924 3002 esse,
956 2936 1091 3006 apparet,
1124 2938 1261 3003 quantum

123 3025 225 3084 laudes
246 3027 307 3084 eius
326 3027 539 3101 infringantur,
572 3030 640 3100 quia
660 3029 810 3102 ingenium
835 3030 899 3087 eius
922 3034 984 3087 tam
1005 3029 1138 3101 exiguum
1163 3027 1260 3097 fuerit,

122 3127 157 3179 ut
177 3122 223 3181 vel
244 3124 373 3195 aequalis
398 3126 528 3183 carmina
549 3127 723 3199 exprimeret
748 3126 895 3184 imitando.
939 3125 1034 3196 Quare
1058 3141 1116 3182 nou
1144 3141 1260 3197 prorsus

122 3219 224 3276 inutile
246 3221 303 3277 erit
324 3220 359 3279 de
379 3223 494 3294 integro
515 3223 546 3280 in
567 3223 640 3282 hanc
660 3239 722 3281 rem
743 3229 878 3281 accurate
899 3223 1055 3294 inquirere.

203 3317 299 3386 Atque
320 3318 443 3390 primum
468 3335 532 3377 cum
553 3320 701 3378 Theocriti
722 3321 850 3378 encomio
865 3320 1033 3377 Ptolemaeo
1055 3319 1153 3378 dicato
1167 3318 1260 3378 Galli·

122 3413 218 3470 machi
249 3414 386 3487 hymnum
416 3415 447 3473 in
470 3415 569 3474 Iovem
600 3417 740 3488 scriptum
772 3431 977 3487 comparemus.
998 3447 1037 3458 --
1063 3413 1260 3475 Callimachus

122 3508 273 3567 exordium
294 3508 366 3567 facit
386 3512 422 3568 ab
444 3511 498 3569 hac
521 3512 748 3585 intenogatione
769 3513 887 3586 (1-3):
919 3512 949 3569 in
970 3511 1049 3569 Iovis
1070 3511 1258 3570 libationibus

127 3604 191 3677 quis
216 3604 336 3663 meliore
367 3607 430 3664 inre
461 3606 627 3665 celebratur
657 3608 783 3666 carmine
812 3624 897 3679 quam
922 3608 985 3679 ipse
1010 3606 1158 3680 Iuppiter,
1191 3609 1260 3667 deus

124 3701 293 3758 caelestium
328 3707 500 3775 supremus‘?
551 3701 692 3762 Adnectit
726 3704 828 3762 deinde
863 3707 951 3777 poeta
985 3705 1106 3762 alteram
1138 3706 1260 3763 interro·

121 3797 271 3868 gailonem
292 3799 353 3874 (4):
375 3801 435 3862 πῶς
453 3796 501 3858 καί
515 3821 561 3870 νιν,
583 3798 709 3859 Δικταῖον
724 3798 848 3875 ἀείσομαι
868 3799 902 3877 ἠὲ
916 3800 1051 3858 neseiat:
1075 3800 1189 3876 deinde,
1211 3800 1260 3860 vel

123 3898 290 3967 praeterea,
314 3896 454 3967 quomodo
475 3897 502 3954 h.
526 3913 551 3955 e.
573 3898 686 3968 qualem
707 3898 805 3957 lovem
827 3896 1043 3970 celebrabimus,
1066 3903 1165 3955 utrum
1185 3896 1257 3955 Dic-

195 4096 215 4165 ¹)
235 4094 337 4151 Philol.
355 4096 527 4153 Rundschau
545 4097 582 4167 II,
603 4099 679 4168 1882,
698 4115 744 4156 no.
763 4101 805 4155 30.
826 4112 859 4140 -’
