2820 4688
603 418 823 482 ..23-

139 606 172 666 ἐκ
186 605 251 670 Διὸς
272 605 450 685 ἀρχώμεσθα,
473 607 621 678 inquibus
642 607 716 665 nihil
731 612 774 665 est
789 607 943 679 singulare,
965 609 1041 666 alter
1055 612 1135 669 velut
1148 627 1276 684 gemmas

137 704 363 775 pretiosissimas
383 705 419 762 ab
441 704 534 763 altero
555 705 718 776 sumpserit,
747 721 803 762 non
824 710 959 778 apparct3
986 706 1082 777 potius
1104 709 1129 764 si
1150 712 1180 766 et
1200 708 1276 781 apud

139 800 326 859 Theocritum
358 805 390 859 et
420 801 498 874 apud
528 800 655 858 Aratum
686 804 779 858 totum
812 816 925 860 versum
956 803 1118 875 legeremus
1149 802 1182 862 ἐκ
1212 802 1276 867 Διὸς

138 894 311 974 ἀρχώμετθα
336 896 382 956 καὶ
403 894 432 960 ἐς
453 895 505 954 Δία
527 896 622 973 irripere
644 893 756 965 Μοῖσαι,
775 904 911 971 «μιομῐοτ
936 904 1111 958 structuram
1136 905 1276 958 mutatam

139 993 325 1072 (ἀρχώμεοθοι
339 1023 377 1036 -
394 993 503 1069 λήγετε)
517 995 616 1065 aliqua
631 1011 694 1052 cum
708 995 804 1066 specie
825 993 947 1054 fortasse
960 997 1063 1055 liceret
1084 997 1275 1055 imitationem

138 1095 266 1162 captare.
308 1090 416 1161 Quodsi
438 1090 501 1161 quis
522 1094 649 1163 opponat
670 1088 865 1163 Theocritum,
892 1093 998 1165 quippe
1024 1093 1073 1165 qui
1093 1095 1179 1150 Arati
1205 1094 1275 1151 ami-

138 1186 209 1244 citia
223 1190 363 1256 uteretur,
384 1186 534 1258 repetiisse
554 1187 643 1244 verba
658 1185 691 1245 ἐκ
704 1185 769 1250 Διὸς
783 1186 962 1266 ἀρχώμεσθα,
985 1193 1017 1246 ut
1032 1190 1125 1247 amico
1146 1190 1276 1263 placeret

137 1286 169 1340 et
194 1287 340 1354 tamquam
372 1283 610 1356 approbationem
641 1284 812 1355 laudemque
844 1285 970 1355 aliquam
1001 1286 1028 1343 ei
1059 1284 1273 1358 testificaretur,

136 1380 212 1438 mira
239 1385 316 1439 esset
340 1381 413 1438 haec
437 1380 514 1437 ratio
541 1379 732 1437 collaudandi.
779 1379 829 1436 An
849 1381 1021 1438 alterutrum
1046 1381 1185 1440 faciemus
1205 1383 1275 1440 item

136 1477 235 1550 inepte
260 1478 448 1553 παρῳδοῦντα,
474 1482 508 1534 nt
527 1478 625 1536 Strato
647 1477 722 1536 lovis
737 1493 866 1535 amorum
886 1476 1085 1549 furtorumque
1105 1479 1275 1537 recordatus

137 1570 252 1649 Μούσης
272 1575 397 1650 παιδικῆς
416 1574 491 1631 libro
512 1575 567 1631 hoo
589 1573 737 1631 exordium
757 1574 939 1646 praeposuit:
961 1574 994 1633 ἐκ
1014 1573 1078 1637 Διὸς
1093 1573 1274 1653 ἀρχώμεαθα,

136 1668 234 1733 καθὼς
255 1669 363 1747 εἴρηκεν
379 1667 499 1747 Ἄρατος
521 1670 589 1746 (eto.
611 1669 727 1730 Anthou
750 1670 813 1730 Pal.
835 1671 903 1737 XII,
928 1670 979 1746 1)⁶.>

219 1767 385 1839 Speciosius
409 1767 556 1826 Haulerus
587 1767 630 1842 (p.
660 1766 709 1841 13)
717 1766 741 1843 ¹)
773 1768 936 1840 suspicatus
967 1773 1011 1827 est
1042 1769 1073 1827 in
1099 1769 1274 1827 Simichidae

137 1863 266 1922 carmine
280 1863 391 1922 Panem
412 1863 496 1922 deum
509 1869 665 1936 propterea
679 1863 809 1922 invocari
835 1864 872 1921 ad
886 1864 1012 1923 Aratum
1027 1882 1124 1924 amore
1137 1871 1274 1924 vexatum

136 1960 330 2019 adiuvandum
351 1960 392 2036 (7,
418 1962 473 2018 103
496 1960 579 2035 sqq).
602 1960 678 2031 quod
699 1961 724 2018 is
737 1962 874 2032 hymnum
896 1963 926 2019 in
940 1961 1051 2020 Panem
1072 1964 1274 2035 composuerit.

137 2057 303 2116 Cauendum
324 2063 421 2116 tamen
441 2064 496 2128 est,
521 2075 557 2115 ne
571 2058 683 2129 longius
704 2059 925 2131 progredientes
946 2058 1124 2118 imitationes
1138 2060 1189 2118 illo
1210 2061 1273 2119 loeo

136 2171 286 2227 ponamus,
316 2155 451 2227 quoniam
474 2154 552 2212 haud
571 2154 658 2212 facile
679 2155 826 2227 explorari
846 2160 957 2228 potest,
994 2160 1149 2227 „quantum
1176 2173 1274 2214 rerum

137 2262 168 2310 et
186 2252 393 2311 vocabulorum
418 2252 575 2324 repetitum
600 2252 640 2310 sit
664 2269 700 2309 ex
720 2251 809 2309 Arati
834 2253 896 2310 vita
923 2269 958 2310 ac
984 2253 1099 2325 poesi“,
1131 2257 1164 2309 ut
1194 2258 1275 2310 recte

137 2349 249 2407 iudicat
274 2348 504 2424 Buechelerus2).
546 2348 684 2406 Eiusdem
709 2349 764 2406 viri
792 2349 936 2421 praeclari
963 2350 1106 2408 sententia
1132 2350 1273 2407 vocabulo

136 2444 323 2523 τετραμμένος
349 2445 404 2521 (vs.
429 2445 499 2520 112)
520 2444 691 2503 Theocritus
715 2444 845 2504 imitatus
869 2448 992 2504 Aratum
1016 2446 1104 2517 ludit,
1136 2447 1167 2504 in
1195 2447 1275 2505 cuins

136 2541 349 2601 Phaenomenis
364 2546 425 2599 tam
446 2542 579 2613 frequens
593 2542 679 2600 huius
699 2542 776 2601 vocis
790 2559 859 2601 usus
878 2544 925 2614 sit,
947 2549 981 2600 ut
1002 2542 1196 2602 commodasse
1210 2559 1274 2601 eam

136 2639 273 2698 videatur
294 2640 400 2697 ceteris
418 2640 522 2712 poetis.
565 2639 648 2710 Quod
669 2639 694 2698 si
714 2656 815 2698 verum
835 2644 888 2709 est,
910 2639 1083 2699 Theocritus
1103 2640 1274 2698 imitationis

136 2735 192 2793 sibi
212 2752 270 2794 non
296 2736 428 2794 conscius
452 2737 525 2793 illud
556 2738 727 2795 vocabulum
752 2738 856 2810 posuit.
899 2737 1010 2796 Aratus
1041 2739 1117 2796 enim
1149 2755 1213 2795 cum
1244 2738 1275 2795 in

137 2831 247 2890 eisdem
268 2832 365 2890 verbis
386 2837 417 2890 et
437 2833 647 2892 elocutionibus
661 2833 821 2892 scribendis
841 2850 1054 2905 nonnumquam
1074 2834 1151 2892 haud
1172 2833 1274 2906 procul

136 2930 221 2987 obest
241 2945 259 2986 a
279 2929 389 3000 taedio,
416 2935 478 2986 tum
498 2929 654 3003 participia
679 2929 800 3003 perfecti
821 2931 938 3003 passiva
958 2930 1043 2988 valde
1063 2929 1182 2989 videtur
1201 2930 1273 2987 ada-

136 3041 245 3090 masse;
267 3025 310 3083 sio
330 3025 467 3097 legimus:
489 3024 610 3084 κέκλιται
630 3026 703 3102 (286
724 3026 847 3100 Bekk.)‚
871 3024 1067 3106 παρακέκλιται
1088 3025 1186 3102 (281),
1209 3024 1274 3082 ὑπο·

136 3118 259 3180 κέκλιται
282 3122 380 3198 (322),
401 3121 565 3181 ἐπικέκλιται
580 3122 662 3198 (486.
685 3122 770 3197 897);
793 3121 837 3182 ἐπὶ
851 3122 912 3182 λαιὰ
931 3122 1091 3198 κεκλιμένον
1107 3122 1200 3197 (161),
1222 3120 1273 3179 ὑπὸ

136 3220 219 3295 πνοιῇ
244 3217 343 3296 βορέαο
369 3218 517 3295 κεκλιμένη
542 3218 646 3295 (356);
678 3219 813 3278 similiter
833 3218 1029 3278 Callimachus
1055 3220 1091 3277 de
1112 3219 1273 3277 Cimmeriis

136 3315 224 3372 dixit:
258 3313 286 3372 οἵ
314 3315 348 3391 ῥα
379 3314 440 3393 παρ’
473 3314 554 3373 αὐτὸν
585 3315 739 3391 κεκλιμένοι
771 3315 872 3374 ναίουσι
903 3316 966 3394 βοὸς
999 3315 1083 3393 πόρον
1113 3312 1274 3393 Ἰναχιώνης

136 3412 178 3485 (3,
201 3412 259 3471 253
281 3412 351 3486 sq),
373 3413 423 3471 ubi
444 3412 599 3488 κεκλιμένοι
620 3420 787 3487 corruptum
809 3431 872 3472 esse
894 3414 926 3472 0.
949 3413 1143 3473 Schneiderus
1163 3412 1273 3470 fmstra

136 3508 294 3566 contendit.
338 3509 529 3582 Participium
561 3508 664 3567 deinde
695 3508 881 3586 τετραμμένος
912 3510 1011 3568 novies
1042 3509 1119 3582 apud
1150 3511 1272 3566 Aratum

134 3605 207 3676 legi:
240 3621 283 3663 vs.
311 3606 350 3664 30
371 3606 485 3680 ἔμπαλιν
507 3603 544 3668 εἰς
569 3603 664 3680 ὤμους
688 3605 884 3682 τετραμμέναι,
917 3607 975 3665 298
1002 3603 1042 3663 ἐπ’
1069 3603 1204 3680 αἰγιαλοὺς
1228 3625 1272 3661 τε·

135 3700 294 3776 τραμμένοι,
319 3702 377 3759 632
399 3700 427 3765 ἐς
449 3701 543 3777 λοφιὴν
558 3700 744 3779 τετραμμένον
766 3699 829 3781 ἄχρι
849 3701 910 3780 παρ’
933 3701 1030 3779 αὐτήνς
1052 3701 1088 3760 ef.
1112 3700 1181 3760 344.
1203 3701 1270 3758 387.

136 3797 205 3854 620.
229 3797 297 3856 669.
319 3798 392 3866 853;
414 3799 486 3856 575:
510 3796 634 3864 ἐξόπιθεν
654 3798 849 3876 τετραμμένος.
891 3799 994 3870 Itaque
1015 3799 1187 3858 Theocritus
1209 3814 1272 3856 cum

210 4014 231 4084 1)
253 4012 294 4069 of.
314 4013 443 4071 Brinlrer.
462 4032 490 4085 p.
509 4018 539 4081 73
559 4013 708 4073 Susamihl.
727 4032 755 4085 p.
773 4015 810 4085 V;
830 4015 990 4072 Haeberlin.
1021 4032 1049 4085 p.
1068 4016 1111 4071 55.
1131 4046 1164 4054 -

207 4103 231 4170 2)
250 4102 321 4158 Mus.
340 4102 420 4160 rhen.
438 4104 481 4172 39,
503 4105 580 4172 1884,
602 4119 629 4172 p.
649 4105 710 4160 276.
730 4133 764 4143 -
