2820 4688
666 406 880 470 -Ῑὸ-

202 597 318 656 mihlius
339 596 381 671 (p.
405 597 470 671 IV),
493 612 558 653 cum
578 595 782 653 Wiedemanni
802 596 962 653 rationibus
983 612 1052 653 usus
1073 596 1238 667 Euergeteu
1258 599 1342 668 putet

202 694 372 767 adoptatum
402 693 662 752 66666271161
688 693 755 759 270,
787 693 955 764 priusquam
986 708 1080 750 sermo
1112 698 1189 750 66661
1220 692 1256 749 16
1287 691 1342 749 hec

202 791 368 864 adoptione,
390 791 409 847 1.
432 805 457 848 e.
479 790 603 847 111616.
626 789 684 846 272
705 789 816 846 61270
842 788 884 863 (p.
905 786 1028 863 XVIII)
1056 804 1172 846 carmen
1193 788 1341 846 conditum

201 904 265 947 esse
285 888 376 959 ponit.
409 885 469 946 Sed
482 893 606 958 utraque
620 902 717 954 causa,
739 902 796 957 qua
810 887 923 955 nititur,
944 885 1066 944 multum
1080 888 1171 955 abest,
1195 892 1231 944 ut
1243 888 1343 945 valeat

201 985 238 1042 ad
265 985 439 1043 sententiam
469 985 550 1042 illam
580 983 766 1057 probandam.
808 982 939 1041 Primum
965 983 1041 1040 enirn
1069 982 1137 1054 qnid
1163 983 1198 1042 16
1223 983 1341 1042 Wiede-

202 1082 299 1140 manui
329 1083 552 1140 ratiocinatione
580 1098 596 1139 e
627 1080 734 1139 Suidae
761 1080 928 1139 testimonio
960 1080 1046 1138 ducta
1077 1079 1262 1138 iudicandum
1293 1080 1340 1148 sit,

201 1195 289 1250 supra
320 1178 426 1236 166616
453 1185 573 1236 conatus
599 1195 671 1236 sum.
712 1177 825 1235 Deinde
852 1177 902 1248 qui
922 1176 1038 1235 tandem
1063 1177 1220 1236 verisimile
1246 1177 1341 1235 estin

200 1276 255 1333 hoc
277 1276 404 1333 encomio
427 1275 612 1333 Theocritum
643 1291 744 1333 ausum
766 1291 829 1333 esse
854 1289 955 1346 regern
975 1291 1090 1332 monere
1111 1274 1217 1348 prioris
1237 1274 1341 1333 matri-

201 1371 290 1429 monii
310 1372 429 1444 ingrati,
451 1390 467 1429 e
489 1388 544 1443 quo
565 1377 627 1430 tum
647 1371 733 1429 liberi
747 1370 937 1444 supererant?
978 1372 1073 1442 Quare
1094 1371 1162 1430 licet
1182 1371 1272 1430 aliam
1292 1387 1340 1431 16-

204 1467 294 1525 116111
314 1468 483 1541 perstringi,
505 1467 586 1526 velut
599 1469 750 1540 Apamam,
772 1467 875 1540 Magae
889 1468 1015 1539 viduam,
1037 1468 1204 1540 Droysenus
1224 1468 1266 1541 (p.
1282 1468 1339 1527 346

202 1563 267 1621 adu.
288 1564 320 1638 2)
342 1569 371 1621 61
385 1564 516 1622 Η1116116
536 1564 587 1639 (61
601 1580 643 1622 vs.
657 1563 722 1638 44),
744 1563 918 1636 Eurydicen,
940 1564 1051 1622 Soteris
1065 1580 1185 1622 uxorem
1203 1566 1340 1638 priorem,

201 1661 373 1734 Hempelius
394 1659 435 1735 (p.
458 1663 495 1720 95
518 1660 592 1732 sqq.)
620 1664 649 1717 61
670 1660 819 1732 Koeppius
841 1658 884 1733 (p.
907 1659 1216 1733 209)1116116161111,
1239 1676 1341 1731 quam-

202 1774 288 1829 quam
314 1757 447 1830 equidem
470 1757 580 1829 dubito,
613 1773 650 1815 an
676 1772 799 1814 161616
830 1756 986 1828 quidquam
1016 1756 1135 1815 ludibrii
1155 1758 1227 1815 insit
1245 1759 1277 1815 in
1296 1759 1341 1816 his

200 1855 345 1923 versibus,
379 1861 458 1912 certe
480 1853 605 1911 omnium
626 1852 821 1911 inficetissime
849 1853 884 1910 16
905 1852 1031 1911 Arsinoe
1058 1855 1179 1925 cogitari
1200 1855 1339 1924 iussisset,

201 1956 234 2008 ut
255 1952 395 2021 omittam,
417 1966 503 2022 quam
525 1951 637 2007 incerta
657 1965 691 2006 ea
712 1951 778 2021 sint,
801 1965 875 2020 quae
896 1966 948 2007 166
968 1951 1043 2007 scire
1064 1966 1121 2008 non
1141 1967 1301 2023 possumus.
1357 2020 1361 2025 ,

282 2049 393 2106 Tamen
423 2047 479 2104 etsi
509 2047 786 2119 argumentationem
822 2047 914 2118 ipsam
946 2063 1003 2103 non
1034 2046 1139 2118 probo,
1170 2047 1340 2106 Buecheleri

201 2146 365 2218 opinionem
386 2161 404 2202 a
424 2161 491 2203 uero
513 2159 570 2202 non
591 2158 708 2215 prorsus
729 2145 879 2201 aberrasse
901 2144 1073 2214 putaverim.
1116 2141 1188 2201 Oum
1215 2144 1341 2202 enimin

200 2241 437 2313 inscriptionibus
463 2241 587 2314 publicis
608 2256 633 2297 a.
662 2240 720 2298 266
750 2245 779 2296 61
811 2240 869 2298 264
901 2239 987 2297 factis
1017 2238 1184 2312 Euergeten
1215 2241 1340 2299 dilucide

200 2340 284 2412 regni
309 2340 418 2397 socium
445 2337 589 2396 nominari
609 2335 835 2395 Wiedemannns
861 2337 965 2394 doceat
996 2336 1038 2411 (p.
1062 2337 1119 2394 386
1142 2336 1216 2411 sqq.)
1249 2353 1340 2408 neque

201 2436 262 2494 6116
288 2436 319 2492 11
345 2451 368 2492 c.
396 2435 481 2493 XVII
507 2434 569 2491 ulla
595 2433 704 2491 mentio
736 2431 806 2503 fiat,
837 2434 995 2492 verisimile
1026 2437 1072 2490 est
1097 2448 1131 2491 66
1156 2434 1341 2506 1611161611

201 2532 340 2604 scripturn
371 2548 448 2598 esse,
481 2546 537 2601 quo
557 2529 716 2602 Euergetes
743 2529 780 2588 ad
811 2529 992 2601 regnandum
1018 2534 1070 2586 aut
1094 2529 1181 2602 paulo
1202 2534 1271 2588 6116
1292 2535 1342 2588 611

202 2629 316 2686 omuino
330 2644 388 2685 non
402 2629 509 2686 ascitus
530 2632 603 2685 6161.
646 2627 777 2697 Namque
792 2626 963 2684 Theocritus
984 2642 1048 2683 cnm
1070 2625 1169 2682 omnia
1190 2631 1340 2699 congerat,

204 2725 308 2795 quibus
329 2724 513 2796 Philadelphi
534 2723 634 2782 laudes
655 2724 803 2782 cumulare
829 2723 884 2781 sibi
910 2723 1035 2789 videtur,
1062 2738 1182 2793 cumque
1203 2727 1234 2780 et
1253 2740 1343 2796 genus

200 2822 278 2894 regis
299 2824 438 2878 memoret
464 2825 496 2878 et
515 2821 743 2890 matrimonium,
769 2820 795 2878 si
815 2820 975 2892 Euergetes
995 2823 1096 2891 partes
1117 2820 1256 2890 regnandi
1283 2821 1342 2878 iam

200 2918 358 2986 habuisset,
379 2916 503 2976 fortasse
523 2918 554 2975 id
569 2935 625 2975 non
639 2918 790 2989 omisisset,
813 2917 865 2974 sed
878 2917 1076 2989 praedicasset
1096 2917 1144 2974 vel
1164 2916 1218 2973 tali
1239 2917 1340 2976 modo:

200 3014 424 3086 Philadelphum
446 3015 553 3086 optime
575 3017 672 3072 omnia
693 3015 906 3085 administrare,
928 3015 996 3085 quin
1018 3014 1105 3070 etiam
1127 3012 1215 3084 stirpi
1234 3030 1341 3088 propa-

200 3110 310 3182 gandae
332 3116 418 3180 atque
446 3111 597 3182 aptissimo
620 3111 778 3169 successori
803 3111 999 3184 prospexisse,
1022 3127 1057 3168 16
1085 3109 1198 3181 quando
1219 3126 1342 3183 regnum

201 3208 302 3264 orbum
323 3211 399 3265 esset
419 3212 504 3279 patre
525 3213 554 3265 et
575 3212 680 3266 tutore.

280 3303 389 3374 Quibus
411 3304 445 3361 16
477 3304 571 3362 661616
603 3321 666 3362 cum
698 3309 794 3361 statuo
827 3319 943 3361 carmen
964 3301 1049 3361 XVII
1069 3319 1127 3360 nou
1153 3304 1344 3380 compositum

201 3418 263 3459 esso
294 3402 384 3459 multo
418 3401 529 3458 demum
561 3405 628 3474 post
648 3417 673 3458 6.
697 3401 769 3469 266,
801 3400 1342 3472 661161116111616.27061266,

200 3498 301 3556 videor
321 3497 392 3555 mihi
412 3497 443 3554 id
463 3502 599 3568 61616616,
623 3498 699 3569 quod
720 3498 746 3555 61
765 3513 822 3555 161
843 3502 954 3554 certum
975 3501 1006 3554 61
1026 3495 1182 3554 verisimile
1204 3497 1253 3555 sit.
1286 3495 1345 3555 Oui

200 3595 359 3653 sententiae
392 3592 466 3665 qnod
497 3599 642 3666 repugnet
672 3595 744 3651 nihil
765 3598 817 3650 aut
837 3594 950 3665 inipso
977 3594 1103 3651 carmine
1133 3592 1210 3650 inest
1238 3594 1344 3652 autin

201 3692 338 3749 memoria
368 3706 467 3748 rerum
499 3691 557 3749 illis
589 3692 766 3764 temporibus
796 3695 955 3762 gestarum.
997 3690 1038 3747 Et
1064 3706 1127 3746 cum
1153 3692 1216 3749 vita
1235 3697 1344 3764 poetae

201 3788 297 3845 omnia
318 3787 493 3846 6611611111
513 3787 632 3859 optime.
671 3787 773 3858 Neque
800 3787 876 3844 enirn
901 3786 1050 3858 probabile
1079 3791 1123 3843 661
1143 3786 1342 3861 Theocritum,

200 3888 352 3956 postquam
374 3900 418 3942 ca.
445 3900 472 3940 a.
501 3884 559 3942 270
586 3882 737 3957 Syracusis
768 3883 879 3941 relictis
904 3882 1114 3940 Alexandriam
1144 3901 1175 3942 se
1208 3886 1341 3961 contulit,

200 3984 341 4051 quaerat
371 3981 429 4038 iam
449 3986 510 4039 tum
532 3986 629 4039 aetate
651 3985 681 4039 61
701 3982 793 4052 fama,
827 3981 933 4036 multos
958 3995 1048 4037 anuos
1074 3982 1280 4053 consumpsisse
1303 3985 1343 4042 ad

200 4076 365 4135 Ptolemaei
385 4078 512 4149 gratiam
534 4083 564 4135 et
585 4077 740 4135 amicitiam
762 4075 964 4147 quaerendam.
997 4076 1128 4147 Denique
1148 4081 1229 4136 recte
1243 4078 1342 4151 aliquo
