2820 4688
593 428 815 490 „27-

135 618 278 692 partitive
309 622 378 691 apte
403 617 499 690 posita
520 623 593 676 sunt.
636 616 724 676 Certe
751 617 786 675 de
812 623 897 690 patre
923 624 953 675 et
973 624 1066 675 matre
1087 617 1274 690 Philadelphi

135 721 197 773 tum
230 714 343 772 demum
368 714 469 772 licebit
493 715 649 772 verborum
680 713 713 772 ἐκ
733 713 859 790 πατέρων
887 714 1009 771 formam
1030 716 1200 786 partitivam
1226 716 1276 773 de·

135 811 269 881 fondere,
303 827 368 868 cum
390 812 551 884 exemplum
576 811 662 869 huius
689 811 805 869 dicendi
831 812 954 869 rationis
975 809 1097 870 Graecis
1118 811 1274 871 inusitatae

135 909 285 982 geminum
305 911 335 965 11
354 909 490 967 idoneum
510 907 746 980 investigabitur.
788 908 884 979 Quare
903 907 1053 966 Vahlenus
1075 908 1116 982 (p.
1142 909 1177 966 16
1199 908 1274 983 sqq.)

136 1011 205 1079 post
225 1023 267 1064 vs.
293 1008 329 1064 10
350 1021 466 1065 versum
489 1005 630 1063 excidisse
652 1004 814 1078 suspicatus
835 1010 880 1063 est
900 1006 1002 1071 talem,
1030 1005 1123 1077 qualis
1148 1006 1196 1063 hic
1217 1011 1274 1064 est:

135 1105 210 1166 τοῖος
234 1100 376 1160 παπταίνω
402 1101 478 1176 κάγὼ
500 1101 585 1160 πόθεν
607 1099 722 1178 ἄρξομαι
743 1101 842 1177 ὕμνου,
869 1107 955 1174 atque
976 1105 1066 1161 verba
1092 1102 1124 1163 ἐκ
1149 1103 1274 1180 πατέρων

137 1205 206 1274 post
228 1199 373 1272 duplicem
393 1198 652 1271 interrogationem
673 1198 772 1274 (πόθεν
794 1197 909 1276 ἄρξομαι
930 1198 1026 1275 ὕμνου,
1047 1199 1074 1258 τί
1092 1203 1201 1277 πρῶτον
1222 1223 1275 1260 κα·
1333 1257 1334 1260 ,

136 1294 259 1368 ταλέξω)
284 1297 416 1368 responsi
436 1297 500 1354 loco
522 1296 584 1354 sola
605 1312 658 1368 per
678 1313 709 1354 se
731 1297 828 1369 posita
847 1296 1002 1355 intellexit.
1027 1329 1063 1339 -
1085 1295 1140 1355 Oui
1163 1299 1276 1356 coniec-

137 1398 222 1452 turae
256 1393 332 1464 quod
352 1393 390 1452 R.
414 1393 542 1464 Steigins
552 1392 575 1468 ¹)
607 1393 727 1465 opponit
751 1410 836 1452 versu
857 1394 908 1451 illo
934 1394 1106 1466 interposito
1129 1395 1274 1452 concinui·

137 1493 229 1548 tatem
260 1489 393 1548 binorum
424 1505 555 1548 versuum
582 1489 752 1562 disturbari,
785 1507 842 1548 non
873 1491 952 1548 valet
976 1490 1049 1548 haec
1075 1508 1163 1549 causa
1188 1492 1217 1548 in
1239 1507 1273 1550 eo

138 1586 276 1659 carmine,
298 1586 328 1643 in
351 1601 407 1656 quo
429 1601 513 1658 pares
528 1602 662 1644 versuum
683 1587 817 1658 strophas
838 1587 1025 1644 aTheocrito
1040 1588 1190 1646 institutas
1211 1604 1273 1646 esse

138 1682 333 1742 demonstrari
353 1688 486 1753 nequeat.
516 1683 557 1740 At
584 1691 664 1741 recte
685 1683 761 1741 idem
782 1684 827 1740 vir
841 1683 941 1741 doctus
963 1684 1168 1742 animadvertit
1187 1686 1276 1742 verba

139 1779 171 1839 ἐκ
191 1778 319 1856 πατέρων
340 1795 397 1838 non
410 1795 494 1852 posse
515 1796 568 1852 pro
583 1796 720 1852 responso
741 1780 835 1853 accipi
849 1785 914 1853 post
929 1797 963 1838 ea
984 1795 1058 1850 quae
1078 1781 1272 1851 intercedunt;

139 1893 205 1935 nam
236 1877 267 1935 in
294 1877 425 1934 oratione
453 1876 495 1935 sio
515 1875 654 1934 formata:
687 1879 759 1940 τοῖος
784 1876 925 1934 curtatum
953 1875 1028 1950 κάγὼ
1054 1874 1139 1934 πόθεν
1161 1873 1276 1953 ἄρξομαι

140 1971 236 2048 ὕμνου,
268 1971 295 2030 τί
323 1975 432 2050 πρῶτον
464 1971 614 2039 καταλέξω·
643 1973 702 2031 ἐπεὶ
732 1972 807 2049 πάρα
838 1971 920 2048 μυρία
953 1971 1034 2030 εἰπεῖν
1066 1971 1115 2030 οἷαι
1146 1971 1206 2030 θεοὶ
1230 1971 1276 2029 τὸν

140 2067 247 2148 ἄριστον
274 2068 403 2146 ἐτίμησαν
429 2069 573 2147 βασιλήων·
595 2071 627 2130 ἐκ
648 2070 781 2148 πατέρων.
811 2069 867 2133 οἷος
893 2071 943 2145 μὲν
971 2072 1018 2145 ’έην
1041 2116 1047 2127 .
1071 2113 1077 2127 .
1101 2115 1107 2128 .
1129 2068 1218 2126 verba
1245 2066 1276 2127 ἐκ

139 2166 265 2244 πατέρων
286 2167 463 2240 respondent
476 2167 544 2226 solis
558 2168 654 2227 verbis
668 2166 753 2225 πόθεν
775 2165 889 2244 ἄρξομαι
904 2164 1000 2242 ὕμνου,
1021 2182 1086 2235 non,
1109 2173 1142 2223 ut
1159 2181 1276 2238 exspec-

139 2268 233 2331 tatur,
261 2264 357 2323 verbis
377 2264 496 2337 propius
517 2264 766 2322 antecedentibus:
789 2262 816 2321 τί
834 2267 943 2339 πρῶτον
966 2260 1117 2327 καταλέξω.
1153 2262 1274 2320 Omnino

141 2359 271 2418 dubitari
291 2360 374 2429 licet,
406 2378 444 2418 an
464 2367 564 2433 poeta,
591 2377 654 2418 eum
675 2361 795 2418 adderet
817 2358 875 2418 ἐπεὶ
901 2358 975 2436 πάρα
996 2357 1078 2436 μυρία
1104 2359 1185 2416 εἰπεῖν
1207 2362 1275 2428 κτλ,

141 2457 397 2530 interrogationem
429 2474 486 2516 non
517 2458 674 2528 rhetorice,
706 2463 739 2515 ut
760 2457 805 2515 ita
835 2457 941 2529 dicam,
974 2456 1106 2528 intellegi
1141 2453 1276 2514 voluerit.

141 2553 244 2625 ltaque
272 2570 337 2612 cum
362 2555 392 2613 in
413 2555 468 2613 hac
494 2555 693 2614 emendatione
720 2554 839 2612 durities
865 2555 917 2612 illa
938 2554 1051 2624 quidem
1073 2553 1150 2610 inter
1170 2569 1212 2610 vs.
1237 2553 1274 2609 10

142 2656 170 2709 et
193 2654 226 2709 ll
252 2651 386 2723 tollatur,
408 2657 453 2722 at,
475 2652 506 2708 ni
526 2650 627 2719 fallor,
653 2667 728 2709 nova
748 2651 897 2708 exoriatur
918 2652 948 2707 in
970 2650 1063 2708 verbis
1086 2649 1118 2709 ἐκ
1138 2647 1272 2725 πατέρων,

143 2763 262 2819 cumque
282 2746 345 2819 ipse
358 2746 508 2807 Vahlenus
524 2747 720 2805 coniecturam
741 2747 929 2819 temptaverit
943 2762 1000 2804 non
1014 2752 1177 2818 propterea,
1201 2747 1274 2818 quod

146 2845 268 2918 „simile,
302 2861 357 2916 qno
378 2845 471 2903 utitur
497 2844 563 2919 (sol.
584 2844 685 2919 poeta)
717 2859 846 2902 seorsum
877 2844 1002 2917 positum
1027 2843 1107 2900 nulla
1132 2843 1276 2914 particula

144 2941 340 3015 comparativa
361 2959 425 3000 cum
451 2958 562 2999 summa
588 2942 731 2999 sententia
758 2941 959 3012 coniungitur
985 2939 1026 3014 (p.
1050 2939 1102 3014 20)
1128 2956 1219 3011 neque
1241 2942 1277 2998 ob

143 3039 171 3097 id
191 3040 296 3111 solum,
333 3039 409 3110 qnod
434 3038 545 3110 aliquid
570 3039 686 3097 duritiei
711 3038 930 3111 persentiscitur
956 3038 1033 3095 inter
1052 3054 1094 3094 vs.
1120 3038 1156 3094 10
1178 3041 1208 3094 et
1231 3039 1293 3106 ll„

144 3135 192 3194 sed
213 3135 290 3207 quod
311 3136 399 3193 verba
431 3134 462 3195 ἐκ
483 3134 608 3212 πατέρων
638 3141 720 3194 recta
740 3134 983 3206 interpretatione
1008 3150 1107 3192 carere
1133 3133 1277 3204 videntur,

142 3245 227 3289 versu
258 3231 311 3288 illo
332 3231 505 3304 interposito
532 3230 656 3290 fortasse
678 3247 733 3288 non
760 3247 831 3303 opus
852 3231 922 3300 erit,
955 3231 979 3288 si
1000 3231 1060 3289 alia
1085 3230 1277 3303 explicatione

143 3343 257 3387 crucem
278 3326 361 3385 illam
383 3327 557 3400 effugiemus.
587 3328 629 3386 Et
648 3328 763 3386 videtur
794 3329 865 3385 mibi
892 3328 1006 3399 quidem
1037 3327 1277 3399 simplicissimum

141 3440 205 3483 esso
227 3429 260 3482 et
279 3423 469 3492 verissimum,
492 3425 568 3497 quod
588 3424 627 3483 A.
649 3423 866 3495 Kirchhoifius‚
887 3424 933 3482 vir
953 3423 1226 3497 praestantissimus,
1248 3423 1278 3480 in

141 3521 297 3580 seminario
319 3536 364 3579 me
386 3520 492 3579 docuit.
523 3522 552 3578 Is
573 3521 649 3579 euim
670 3519 702 3579 ἐκ
724 3519 849 3597 πατέρων
876 3519 1010 3577 adiunxit
1030 3519 1276 3591 antecedentibus,

140 3622 174 3676 nt
194 3617 287 3676 verba
312 3615 363 3676 οἷαι
386 3616 448 3675 θεοὶ
472 3616 518 3674 τὸν
539 3615 645 3694 ἄριστον
673 3616 802 3693 ἐτίμησαν
824 3615 959 3694 βασιλήων
986 3615 1018 3675 ἐκ
1039 3614 1163 3692 πατέρων
1189 3616 1279 3687 sigui·

140 3713 244 3773 dcent:
269 3713 390 3784 „quibus
412 3714 459 3772 dei
480 3714 621 3786 optimum
634 3730 733 3785 regum
755 3714 821 3771 iude
844 3714 880 3771 ab
902 3716 998 3770 aetate
1018 3716 1171 3784 parentum
1192 3712 1279 3771 bono-

141 3805 334 3883 raverint.“²)
356 3841 394 3851 —
416 3810 507 3880 Quam
521 3809 791 3881 interpretationem
807 3810 832 3866 si
853 3809 1007 3880 sequimur,
1029 3810 1278 3867 nonvss.1-12

216 3967 237 4034 ¹)
257 3964 452 4022 Wochensohr.
472 3965 490 4021 f.
510 3965 595 4022 klass.
616 3965 716 4021 Philol.
734 3965 770 4035 ΙΙ,
792 3967 868 4034 1885,
888 3982 930 4021 nr.
950 3967 993 4024 23.
1014 3997 1046 4005 -

215 4054 238 4123 ²)
257 4051 360 4109 Postea
384 4053 501 4109 candem
522 4054 784 4124 interpretationem
812 4054 867 4123 legi
891 4053 965 4123 apud
988 4052 1143 4109 Greverum
1165 4071 1193 4124 p.
1214 4056 1276 4122 1263

148 4143 335 4212 posteriorum
345 4143 530 4211 interpretum
543 4158 579 4197 ne
589 4141 760 4197 Fritzschius
774 4142 886 4213 quidem
900 4144 959 4197 eins
972 4143 1144 4197 mentionem
1161 4142 1235 4200 fecit.
1245 4173 1278 4182 -
