2820 4688
590 389 810 452 -12-·-

129 579 275 652 cognitum
288 579 421 639 habuisse
435 595 533 652 regem
544 565 779 653 Philadelphum,
793 594 887 650 neque
901 580 976 638 enim
991 581 1018 638 ei
1032 597 1062 638 se
1077 578 1257 639 commendat

128 682 181 734 aut
193 677 350 749 praemium
365 678 449 735 tectis
462 677 557 735 verbis
572 677 608 735 ab
629 681 663 734 e'o
677 677 762 749 petit;
784 677 870 734 immo
886 692 950 735 cum
964 677 1103 735 scriberet
1117 674 1257 734 Μουσάων

130 770 152 829 δ’
174 771 308 850 ὑποφῆται
329 771 442 831 ἀείδοντι
463 771 631 849 Πτολεμαῖον
652 772 706 831 ἀντ’
729 771 881 850 εὐεργεσίης
901 773 973 849 (115
992 774 1058 848 sq.),
1080 774 1206 832 fortasse
1228 777 1258 830 et

127 870 189 943 ipse
210 876 344 944 expertus
375 874 439 928 erat
463 870 538 929 hanc
559 868 711 948 εὖεργεσίην
732 868 796 944 (ci.
818 869 986 930 Haeberlin.
1008 887 1035 943 p.
1058 870 1118 945 56).
1161 871 1256 941 Quare

126 967 284 1025 utiterum
305 967 407 1036 dicam,
440 968 514 1039 quod
543 974 613 1040 puto
634 967 788 1026 tenendum
809 983 881 1039 esse,
907 983 974 1024 num
994 967 1080 1025 facile
1101 967 1255 1025 Theocrito

126 1064 329 1138 imputabimus
348 1069 458 1123 tantam
478 1064 628 1136 adulandi,
655 1080 747 1137 paene
768 1063 828 1122 dixi
848 1063 1003 1121 mentiendi
1024 1069 1128 1134 artem,
1150 1062 1256 1120 utillo

130 1167 189 1219 tam
209 1163 300 1220 multa
320 1162 501 1235 praedicaret
522 1161 557 1220 de
576 1177 646 1233 rege
667 1160 793 1219 moribus
806 1176 864 1218 non
884 1177 937 1233 per
957 1160 1096 1233 longioris
1117 1158 1255 1233 temporis

50 1247 51 1250 ¹
125 1259 248 1332 spatium
269 1256 441 1331 compertis?
468 1291 506 1300 —
538 1257 681 1317 Carminis
701 1263 797 1316 autem
816 1256 893 1316 XVI
914 1261 1113 1329 argumentum
1134 1260 1256 1329 apparet

126 1370 184 1412 non
208 1359 268 1413 tam
294 1356 404 1414 versari
430 1357 459 1414 in
480 1355 689 1414 collaudatione
714 1356 852 1414 Hieronis
878 1371 962 1426 quam
986 1355 1017 1412 in
1037 1354 1127 1426 ipsius
1152 1358 1254 1426 poetae

127 1452 380 1511 commendatione.
423 1453 509 1513 Certe
529 1471 588 1512 non
607 1454 769 1526 contigerat
782 1453 936 1511 Theocrito
957 1452 1052 1510 nescio
1073 1450 1150 1524 apud
1170 1465 1254 1521 quem

125 1549 171 1606 uel
191 1549 267 1622 apud
298 1566 368 1622 quos
393 1552 453 1608 sive
474 1551 505 1632 in
525 1549 624 1608 Sicilia
648 1551 709 1608 sive
734 1549 869 1624 ahqubr)
901 1565 944 1620 ea,
972 1564 1055 1620 quam
1081 1546 1254 1605 carminibus

127 1647 270 1716 petiverat
290 1647 426 1719 gretiam,
448 1647 544 1720 potius
564 1663 630 1719 spes
650 1663 715 1704 oum
736 1645 888 1718 fefellerat,
910 1645 995 1716 idque
1015 1644 1143 1717 saepius;
1165 1658 1254 1713 quare

125 1742 269 1812 queritur:
290 1741 329 1807 τίς
348 1743 399 1821 γὰρ
418 1746 473 1802 τῶν
494 1741 725 1818 detemptores
746 1742 860 1801 ναίουσιν
881 1741 926 1799 ὑπ’
946 1741 988 1799 ἀῶ
1008 1739 1144 1817 ἡμετέρας
1164 1737 1254 1814 Χοίρι-

124 1860 172 1901 τας
197 1839 315 1904 πετάσας
339 1838 494 1905 ὑποδέξεται
518 1839 585 1916 οἴκῳ
610 1838 746 1903 ἀσπασίως
767 1837 822 1897 οὐδ’
845 1836 937 1902 αὖτις
957 1837 1156 1915 ἀδωρήτοος
1187 1834 1254 1892 ἀπο·

125 1934 241 2013 πέμψαι;
265 1939 324 1996 κτλ.
345 1937 376 2012 (5
392 1935 475 2011 sqq.).
518 1936 599 1994 Haec
616 1936 707 2009 yerba
727 1952 794 1993 num
807 1939 928 2007 possunt
948 1934 1005 1992 dici
1027 1934 1062 1993 de
1076 1932 1253 1999 Ptolemaeo,
1323 1920 1325 1926 ⁴

126 2032 209 2102 quasi
228 2039 315 2106 poeta
336 2036 462 2092 carmine
483 2033 574 2094 XVH
595 2035 753 2093 studuisset
772 2035 817 2091 illi
837 2034 935 2091 Musas
957 2049 1024 2091 suas
1044 2030 1252 2094 commendare,

128 2129 162 2187 de
184 2146 218 2188 eo
238 2130 414 2202 Ptolemaeo,
437 2132 472 2190 de
493 2148 548 2203 quo
572 2134 616 2204 17,
642 2133 697 2190 135
719 2149 780 2203 sqq.
802 2131 974 2204 scripserat:
996 2128 1074 2188 σέθεν
1096 2130 1119 2186 δ’
1136 2125 1189 2201 ἐγὼ
1209 2125 1254 2182 ἴσα

125 2225 170 2283 καὶ
191 2223 282 2285 ἄλλων
303 2227 441 2304 μνοίσομαι
460 2227 593 2306 ἡμιθέων·
616 2227 704 2288 δοκέω
727 2226 749 2286 δ’
771 2231 834 2292 ἔπος
859 2226 910 2286 οὐκ
931 2225 1083 2303 ἀπόβλητον
1104 2222 1254 2301 φθέγξομαι

125 2323 297 2399 deceptuose?
352 2355 355 2364 ·
817 2344 821 2351 ·

206 2422 247 2478 At
267 2422 411 2481 Holmium
432 2424 580 2481 audientes
600 2425 767 2495 negabimus
797 2425 852 2492 eis,
883 2438 956 2494 quae
975 2425 1062 2494 poeta
1082 2420 1112 2476 iu
1132 2434 1155 2475 ο.
1177 2414 1254 2475 XVI

126 2518 324 2592 conqueritur,
357 2525 467 2579 tantam
488 2521 545 2578 vim
575 2521 795 2594 impertiendam
821 2536 882 2578 esse
913 2524 965 2577 aut
989 2520 1113 2579 animum
1135 2517 1195 2574 eius
1217 2515 1253 2574 de

127 2632 178 2688 spe
199 2616 318 2689 decepta
337 2634 370 2676 re
389 2635 460 2677 vera
480 2623 629 2690 tantopere
642 2617 730 2676 luisse
750 2618 939 2690 indignatum.
980 2617 1036 2676 Vir
1057 2616 1137 2674 enim,
1152 2613 1253 2672 doctus

124 2715 197 2772 haec
216 2714 381 2786 profitetur:
405 2717 484 2786 ,Das
498 2715 624 2775 Gedicht
643 2716 683 2774 ist
696 2732 753 2774 von
766 2717 847 2776 einer
867 2715 1128 2789 cigenthhmlichen
1148 2710 1253 2768 Keck-

124 2810 193 2868 heit.
235 2811 276 2868 Es
307 2811 346 2870 ist
375 2812 437 2870 eine
457 2811 650 2884 Ausfiihrung
680 2812 731 2871 der
762 2813 870 2886 Frage:
912 2813 985 2871 Wcr
1009 2812 1065 2870 will
1085 2811 1142 2869 mir
1162 2815 1252 2869 etwas

110 2906 288 2986 schenhent>
319 2908 392 2966 Idine
406 2910 503 2966 solche
518 2909 663 2968 Kechheit
683 2910 757 2969 wird
777 2911 849 2968 eben
862 2926 917 2968 nur
938 2910 1027 2970 durch
1049 2911 1104 2968 den
1124 2910 1251 2970 frischen

125 3004 195 3076 Ton,
218 3005 248 3063 in
269 3004 333 3063 dem
354 3006 396 3063 sie
417 3006 609 3078 vorgehracht
628 3006 710 3074 wird,
742 3007 797 3064 den
817 3007 921 3066 halben
941 3006 1057 3080 Schera,
1091 3009 1143 3067 der
1163 3010 1252 3067 demit

123 3101 288 3160 verbunden
308 3102 355 3172 ist,
377 3102 553 3174 ertrbglich“
581 3102 614 3178 (l.
635 3104 655 3161 l.
677 3120 705 3176 p.
729 3103 809 3178 314).
840 3104 945 3162 Mirum
966 3110 1011 3163 est
1030 3107 1085 3163 hoc
1106 3106 1251 3166 iudicium.

75 3256 77 3258 ,
124 3197 195 3272 Quis
216 3200 299 3270 enim,
320 3199 344 3256 si
358 3200 472 3271 saepius
493 3215 607 3257 carmen
621 3205 652 3258 et
671 3200 812 3272 imprimis
832 3216 867 3259 ea
880 3202 1047 3274 perlegerit,
1069 3219 1142 3274 quae
1164 3213 1250 3264 antea

124 3295 275 3367 exscripsi,
298 3295 328 3352 in
348 3295 393 3353 his
414 3295 552 3353 audacter
572 3295 651 3353 dicta
672 3301 702 3355 et
721 3296 770 3354 vel
789 3297 898 3368 aliquid
922 3298 985 3356 ludi
1005 3300 1131 3358 sentiet?
1172 3302 1250 3372 Quae

123 3396 211 3463 poeta
224 3391 415 3462 conqueritur,
437 3408 509 3463 quae
528 3399 635 3464 sperat,
658 3410 693 3451 ea
714 3409 749 3450 ex
770 3394 871 3451 intimo
885 3410 969 3452 sensu
991 3395 1135 3455 effluxisse
1157 3416 1251 3459 nonne

124 3492 247 3560 apparet
267 3505 283 3546 e
302 3488 431 3546 uersibus
451 3487 656 3546 amoenissimis
671 3489 710 3546 82
724 3505 793 3560 sqq,
816 3489 962 3560 inquibus
983 3493 1249 3564 comprehendimus

61 3657 62 3661 Ἰ
123 3584 270 3642 Theocriti
291 3583 378 3641 animi
398 3583 585 3655 gravitatem,
616 3584 810 3643 dulcissimum
836 3585 1006 3644 desiderium
1027 3590 1115 3661 pacis,
1137 3592 1250 3662 patriae

123 3697 248 3740 amorem
268 3678 520 3738 ardentissimum?
560 3681 627 3740 Non
646 3686 769 3755 apparet
788 3698 804 3739 e
824 3682 953 3740 uersibus
969 3685 1022 3741 101
1046 3701 1118 3758 sqq,
1141 3691 1173 3744 ut
1194 3689 1252 3747 alia

124 3778 276 3836 omittam?
316 3774 358 3834 Et
376 3777 406 3833 in
425 3777 480 3835 hoc
501 3777 640 3851 carmine,
672 3778 748 3850 quod
768 3781 826 3837 tam
847 3779 961 3852 plenum
981 3785 1026 3839 est
1046 3785 1076 3839 et
1095 3784 1252 3854 gravitatis

124 3878 155 3930 et
174 3873 359 3946 granditatis,
381 3890 450 3932 usus
470 3878 516 3932 est
535 3873 656 3932 audacia
676 3880 707 3933 et
726 3874 815 3932 ludo?
854 3874 921 3933 Hoc
942 3876 1067 3934 carmine
1088 3879 1158 3936 nihil
1172 3882 1251 3939 aliud

122 3969 215 4028 voluit
241 3970 298 4028 nisi
318 3969 387 4030 hoc:
412 3970 502 4040 ,Wer
522 3969 580 4028 will
600 3971 656 4028 mir
676 3975 764 4029 etwas
784 3971 970 4029 schenkent“

194 4119 215 4189 ¹)
235 4116 273 4176 Cf.
293 4118 409 4176 Vahlen.
428 4136 455 4189 p.
474 4121 538 4187 8423
558 4118 718 4175 Haeberlin.
736 4135 762 4188 p.
783 4119 816 4174 56
836 4118 899 4174 adn.
921 4122 962 4176 10.
981 4152 1015 4162 -
