2820 4688
603 399 801 461 ..6-

135 586 314 664 γεννηθέντας
344 585 445 664 (αὐτῷ)
469 589 581 667 παῖδας·
603 584 670 662 αὕτη
691 586 779 663 γὰρὴ
806 585 969 664 φιλάδελφος
995 584 1106 649 ἄτεκνος
1127 583 1264 644 ἀπέθανεν

137 686 281 761 (Ambros.
298 685 378 757 111),
399 684 466 742 inde
486 683 562 743 effici
575 684 692 757 nuptias
711 683 800 743 fuisse
820 684 1087 756 obliquantem
1106 682 1265 742 verisimile

135 783 174 842 sit
196 782 296 841 eodem
319 797 403 850 amo,
434 796 489 852 quo
509 786 594 854 pater
613 797 732 840 uxorem
751 781 875 839 alteram
895 781 1018 849 duxerit,
1049 780 1213 853 Euergetcn
1233 784 1264 837 et

135 879 166 937 in
186 879 368 953 adoptionem
388 878 508 936 ascitum
529 883 560 936 et
579 878 662 950 regni
682 878 790 937 socium
810 882 985 951 assumptum
1005 894 1076 936 esse.

215 974 259 1034 At
279 975 304 1034 si
324 975 454 1049 ponimus
474 991 538 1033 eum
559 990 615 1032 una
635 991 699 1046 cum
712 974 854 1034 Arsinoae
872 975 981 1048 nuptiis
999 974 1168 1048 adoptatum
1191 989 1264 1046 esse,

136 1087 305 1143 quamquam
326 1088 361 1129 ne
381 1071 412 1129 id
433 1071 548 1142 quidem
569 1076 677 1130 certum
699 1075 751 1143 est,
772 1088 829 1130 non
849 1072 990 1143 sequitur,
1014 1076 1048 1130 ut
1068 1072 1169 1131 eodem
1189 1087 1264 1130 anno

135 1170 216 1241 regio
237 1170 351 1228 nomine
380 1173 496 1228 ornatus
527 1173 578 1227 aut
603 1169 640 1226 ad
665 1169 841 1242 regnandum
865 1169 1005 1227 admissus
1030 1169 1077 1239 sit,
1109 1169 1177 1240 (pria
1196 1168 1264 1225 huic

135 1267 248 1324 muneri
273 1270 372 1323 tenena
397 1269 478 1324 aetas
504 1264 566 1323 eius
591 1266 707 1324 obstare
731 1268 854 1338 poterat.
896 1264 1020 1335 Deinde,
1053 1266 1128 1338 qnod
1148 1264 1264 1338 gravius

137 1366 191 1428 est,
213 1361 320 1421 Suidae
334 1362 432 1421 verbis
451 1361 595 1420 sententia
615 1362 666 1419 illa
686 1362 914 1435 conprobatur:
938 1379 973 1420 ea
994 1364 1148 1421 enimcum
1168 1379 1184 1419 e
1206 1377 1265 1419 me·

81 1468 86 1479 ⁴
137 1461 228 1518 moria
248 1460 421 1532 optimorum
441 1459 570 1517 codicum
590 1459 633 1517 ita
654 1458 689 1517 de
710 1457 886 1517 Callimacho
907 1464 1036 1518 narrent:
1059 1457 1104 1517 καὶ
1124 1456 1264 1534 παρέτεινε

139 1555 219 1634 μέχρι
239 1556 286 1613 τοῦ
301 1552 453 1632 Εὐεργέτου
467 1553 616 1631 κληθέντος
630 1552 808 1630 Πτολεμαίου,
831 1553 997 1631 ὀλυμπιάδος
1018 1555 1048 1614 δὲ
1063 1552 1126 1634 ρκζ,
1148 1554 1181 1632 ἧς
1195 1555 1265 1615 κατὰ

135 1650 167 1708 τὸ
188 1649 314 1729 δευτερον
335 1650 432 1714 ἔτος’
421 1671 435 1708 o
457 1648 609 1728 Ευεργέτης
629 1648 797 1726 Πτολεμαῖος
816 1649 969 1729 ἤρξατο
935 1674 984 1728 της
1004 1651 1144 1728 βασιλείας,
1167 1656 1265 1710 tantos

137 1748 287 1820 scrupulos
306 1748 377 1806 viris
397 1747 518 1806 doctis
509 1763 571 1806 mre
591 1748 762 1820 iniecerunt,
790 1752 867 1807 uta.
889 1765 912 1806 c.
935 1749 1105 1823 Linckeus¹)
1130 1749 1265 1808 lacunam

137 1848 205 1903 ante
189 1842 324 1919 ο.ὀλυμπ
347 1850 395 1901 sta
395 1848 499 1913 t,ueret
521 1840 680 1902 Meinekius
700 1843 772 1904 call
794 1844 836 1902 ed.
858 1862 885 1917 p.
908 1846 963 1903 XV
983 1848 1073 1904 verba
1093 1845 1193 1921 ὀλυμπ.
1226 1879 1262 1888 -

137 1939 271 2016 βασιλείας
304 1940 433 2014 imperiti
463 1940 679 2012 interpolatoris
709 1941 935 1999 additamentum
966 1957 1028 2001 esse
1058 1944 1263 2016 suspicacem,

138 2037 190 2095 alii
204 2037 283 2095 velut
295 2036 502 2109 Bemhardyus
516 2036 547 2094 in
560 2036 639 2107 edit,
654 2038 803 2096 Heckerus
817 2041 967 2098 comment.
988 2038 1100 2098 Gallim.
1114 2058 1141 2112 p.
1160 2037 1194 2097 17
1211 2057 1262 2112 sq.‚

137 2134 297 2192 Merkelius
320 2133 416 2207 Apoll.
431 2135 522 2193 Rhod.
545 2134 652 2210 (1854)
673 2153 700 2208 ρ.
716 2135 762 2193 XI
774 2136 838 2209 ipsa
857 2135 945 2194 verba
964 2136 1067 2196 vitium
1087 2139 1264 2196 contraxisse

137 2235 289 2302 putarent,
321 2248 443 2303 quornm
463 2232 511 2290 hic
531 2232 655 2295 numeris
676 2229 731 2309 ρκέ
755 2233 839 2291 nimis
864 2233 972 2292 incerte
992 2236 1109 2295 mutatis
1130 2236 1263 2307 intellegi

136 2328 252 2387 uolebat
283 2329 474 2403 olympiadem
506 2331 576 2397 133;
608 2329 759 2406 Conatus²)
791 2330 912 2403 denique
943 2332 1019 2390 solos
1043 2349 1176 2391 numeros
1200 2333 1262 2405 ipse

137 2441 248 2496 quoque
269 2426 403 2484 confusos
424 2443 485 2484 esse
503 2425 649 2484 iudicavit.
691 2426 787 2500 Quare
808 2428 862 2486 nisi
882 2428 947 2485 aliis
963 2429 1097 2488 subsidiis
1117 2431 1165 2488 hic
1185 2431 1264 2488 locus

137 2523 218 2579 aut'
209 2527 360 2596 incorrupt
360 2539 394 2580 us
347 2522 658 2581 tdemonstrabitur
683 2528 733 2581 aut
753 2529 831 2582 recte
852 2523 1058 2597 emendabitur,
1086 2543 1144 2584 non
1163 2527 1265 2584 licebit

137 2633 171 2675 eo
193 2619 236 2676 uti
257 2620 325 2677 test
316 2619 476 2678 1monioc
447 2617 496 2695 (c.f
517 2619 658 2692 Droysen.
684 2636 712 2693 p.
736 2621 792 2679 175
814 2619 879 2680 adn.
904 2620 942 2695 1).
983 2619 1103 2679 Omnino
1124 2623 1174 2692 qui
1194 2622 1265 2695 legit

136 2714 226 2774 verba
246 2715 386 2792 παρέτεινε
412 2714 493 2794 μέχρι
516 2717 565 2774 τοῦ
592 2713 759 2794 Εὐεργέτου,
790 2717 819 2774 in
844 2720 968 2775 mentem
992 2719 1138 2776 revocabit
1158 2735 1215 2776 non
1235 2718 1264 2776 id

137 2815 263 2885 tempus,
295 2828 351 2884 quo
377 2813 427 2871 ffle
453 2829 601 2872 successor
625 2814 708 2887 regni
728 2814 906 2887 designatus,
938 2814 988 2871 sed
1009 2831 1064 2886 qno
1084 2819 1149 2889 post
1171 2816 1264 2887 patris

137 2914 259 2970 mortem
280 2926 331 2968 rex
344 2907 477 2984 Aegypti
497 2910 591 2970 factus
609 2917 668 2975 est:
688 2927 781 2984 neque
802 2911 877 2971 enim
896 2927 943 2970 res
963 2911 1057 2970 solent
1077 2913 1120 2970 ita
1139 2913 1262 2983 narrari,

137 3011 170 3062 ut
194 3006 231 3064 ad
256 3005 426 3065 firmandum
446 3005 618 3067 Callimachi
647 3009 738 3066 vitam
767 3024 855 3079 usque
880 3007 918 3066 ad
943 3012 1074 3080 tempora
1098 3007 1265 3082 Euergetae

137 3103 305 3175 productam
327 3119 388 3163 esse
414 3104 577 3164 nominetur
597 3104 737 3177 olympias
760 3106 830 3174 117,
857 3106 888 3176 1,
915 3121 1009 3176 aquo
1030 3108 1158 3178 tempore
1178 3110 1262 3178 pater

138 3198 345 3273 Philadelphus
365 3217 418 3274 per
432 3201 556 3273 quinque
571 3207 601 3260 et
612 3201 718 3274 viginti
731 3215 820 3259 annos
833 3217 951 3274 regnum
968 3202 1076 3274 tenuit3
1097 3201 1263 3261 firmaretur

137 3295 232 3366 potius
252 3296 349 3355 addito
375 3313 410 3355 eo
430 3313 519 3368 anno,
550 3312 605 3367 quo
626 3296 805 3356 Ptolemaeus
825 3296 876 3356 III
900 3303 983 3370 patre
1004 3303 1118 3356 mortuo
1143 3315 1264 3372 regnum

137 3391 203 3449 iniit
232 3392 357 3468 (14716),
388 3394 425 3452 ad
451 3394 526 3467 quod
551 3399 662 3467 tempus
687 3395 777 3454 verba
796 3393 903 3454 Suidae
927 3392 1026 3472 ἤρξατο
1052 3398 1100 3472 τῆς
1126 3394 1259 3471 βασιλείας

137 3489 269 3547 videntur
289 3490 389 3549 melius
409 3491 559 3562 quadrare.

216 3586 318 3658 Itaque
338 3601 402 3644 cnm
421 3604 447 3645 a.
470 3589 523 3645 171
548 3588 664 3660 nuptias
684 3587 822 3647 Arsinoae
847 3588 934 3648 fuisse
959 3588 1052 3647 adhuc
1077 3593 1187 3647 certum
1207 3605 1265 3648 non

140 3683 186 3755 sit,
198 3682 247 3740 Fr.
260 3682 447 3756 Koeppiusil,
462 3684 511 3754 qui
526 3684 838 3764 etipseWiedemanni
850 3684 1100 3743 ratiocinationem
1115 3685 1267 3743 addubitat

209 3834 261 3900 ¹„)
264 3831 307 3887 De
326 3830 433 3888 Gallim.
451 3831 509 3886 vita
528 3833 556 3887 et
573 3833 710 3903 scriptis“‚
729 3833 794 3888 diss.
812 3831 875 3887 Hal.
896 3834 973 3903 1861,
991 3849 1018 3902 p.
1037 3834 1062 3888 5.
1080 3865 1114 3873 -

208 3920 264 3987 2,)
267 3919 307 3974 La
334 3919 429 3989 poesie
457 3919 636 3975 alexandrine
663 3936 729 3975 sous
756 3919 796 3975 les
824 3920 893 3976 trois
920 3921 1054 3989 premiers
1082 3920 1264 3990 Ptolemdcs‚“

136 4005 225 4060 Paris.
246 4008 323 4077 1881,
341 4026 368 4079 p.
386 4011 482 4065 41.-

208 4094 320 4166 ⁸.)Mus
338 4095 415 4152 rhen.
433 4097 476 4164 39,
498 4098 574 4166 1884,
592 4113 619 4166 p
638 4097 689 4152 109
709 4112 822 4166 sqq.-
