2820 4688
517 439 737 502 ..33-

54 637 176 680 neccsse
198 629 327 682 osteum
349 625 459 698 fingere
479 627 667 698 imitatorem,
689 644 746 685 non
767 645 802 686 ex
823 629 886 701 ipso
906 627 985 688 fonte
1005 628 1115 702 hausit,
1141 630 1192 688 sed

55 735 91 775 ex
105 720 203 777 rivulo
217 721 285 779 inde
300 721 434 792 deducto,
454 723 626 794 praesertim
640 739 704 780 cum
719 723 903 796 Theogoniae
916 724 1031 782 initium
1045 727 1192 797 cognitum

55 815 193 874 habuisse
213 817 369 876 videatur?
409 819 483 876 Nam
504 836 567 877 oum
587 820 727 878 scriberet
748 819 842 878 αἰδοῖοι
862 823 994 898 βασιλῆες,
1017 822 1048 878 in
1068 826 1192 880 mentem

55 913 117 971 eius
138 913 237 971 venire
259 915 602 991 ρο10101111ον01011οἢ
629 916 691 990 (sol.
714 913 872 992 Καλλιόπη)
897 916 947 995 γὰρ
974 916 1020 977 καὶ
1043 919 1191 993 βασιλεῦσιν

56 1006 101 1082 ἅμ’
124 1008 260 1068 αἰδοίοισιν
281 1010 381 1086 ὀπηδεῖ
398 1012 481 1086 (80);
514 1028 685 1084 quamquam
706 1029 763 1070 11011
785 1013 849 1071 dico
871 1029 935 1072 cnm
955 1013 1027 1072 haec
1046 1015 1191 1072 imitatum

56 1123 133 1171 csse;
163 1111 251 1179 atque
272 1108 302 1163 in
323 1108 482 1166 formandis
502 1110 633 1167 Versibus
655 1143 692 1152 -
714 1108 810 1167 αἰδοῖοι
831 1112 965 1186 βασιλῆες·
984 1109 989 1182 Ι
1008 1109 1022 1167 ὁ
1043 1108 1065 1168 δ’
1087 1108 1191 1188 ἔξοχος,

57 1201 87 1260 δν
110 1225 143 1262 κε
165 1203 265 1280 φιλήσῃ
285 1202 439 1279 γεινόμενον
460 1203 494 1262 τὰ
515 1207 621 1282 πρῶτα,
646 1204 731 1268 πολὺς
752 1204 781 1262 δέ
796 1205 821 1262 οἱ
842 1203 922 1281 ὄλβος
944 1205 1042 1264 ὀπαδεῖ
1058 1212 1193 1279 poterant

57 1301 155 1357 animo
179 1300 241 1358 eius
262 1306 407 1371 tamquam
429 1301 513 1358 inviti
526 1302 740 1374 repraesentati
761 1319 823 1360 esso
844 1302 875 1359 bi
895 1319 1008 1362 versus:
1031 1302 1064 1362 ἐκ
1084 1303 1115 1360 δὲ
1128 1303 1192 1367 Διὸς

57 1397 191 1472 βασιλῆες·
210 1400 214 1465 Ι
233 1395 248 1453 ὃ
269 1394 291 1453 δ’
307 1394 396 1472 ὄλβιος
417 1395 507 1455 ὅντινα
522 1395 629 1455 Μοῦσαι
647 1397 916 1474 φίλωνται·γλοαερή
939 1398 1037 1457 οἱ·ἀπὸ
1059 1399 1193 1475 στόματος

57 1491 110 1567 ῥέει
132 1491 202 1568 αὐδή
223 1493 275 1567 (96
298 1494 368 1567 sq.);
394 1495 526 1552 similiter
546 1495 620 1552 haec
634 1495 670 1552 de
685 1492 776 1571 Μητρὶ
796 1492 906 1553 πάντων
921 1495 1098 1555 conformata
1111 1504 1191 1557 sunt:

57 1591 102 1646 σεῦ
124 1586 147 1645 δ’
169 1590 262 1668 ἔχεται
276 1591 368 1648 δοῦναι
382 1589 438 1666 βίον
452 1588 494 1666 ἠδ’
510 1589 658 1668 ἀφελέσθαι
671 1590 781 1667 θνητοῖς
795 1590 983 1669 ἀνθρώποισιν·
1003 1594 1006 1664 Ι
1026 1591 1077 1650 ὁδ’
1093 1591 1191 1670 ὄλβιος,

57 1683 88 1741 δν
110 1706 143 1743 κε
165 1685 197 1742 σὺ
218 1684 302 1762 θυμῷ
319 1686 449 1764 πρόφρων
470 1686 649 1764 sentinarum
669 1685 690 1744 τ’
713 1685 821 1765 ἄφθονα
841 1685 928 1746 πάντα
948 1685 1059 1765 πάρεστι
1080 1690 1192 1765 (hymn.

57 1782 132 1839 hom.
157 1782 205 1850 30,
228 1785 245 1840 6
267 1800 341 1855 sqq.;
377 1784 414 1842 cf.
437 1785 524 1842 etiam
546 1787 573 1850 5,
595 1786 654 1842 486
676 1783 743 1858 να).
785 1785 898 1842 Deinde
919 1785 994 1856 quod
1018 1789 1083 1857 post
1104 1786 1193 1843 verba

57 1876 99 1934 Διὶ
120 1875 257 1954 Κρονίωνι
278 1876 389 1954 μέλοντι
410 1879 504 1938 αἰδοῖοι
526 1881 651 1956 βασιλῆες
672 1881 766 1938 addit:
790 1880 805 1937 ὁ
827 1877 848 1936 δ’
871 1878 967 1957 ἔξοχος
987 1879 1017 1936 δν
1038 1903 1070 1939 κε
1091 1880 1192 1958 φιλήσῃ

57 1973 212 2048 γεινόμενον
233 1973 268 2033 τὰ
281 1978 385 2052 πρῶτοι,
408 1977 480 2035 haec
500 1978 708 2036 sententiarum
728 1977 823 2035 forma
837 1977 904 2035 inde
925 1983 1027 2035 exorta
1041 1984 1093 2050 cst,
1116 1978 1192 2049 quod

57 2071 142 2130 modo
163 2072 263 2130 Iovem
285 2072 456 2144 depinxerat
476 2071 581 2131 infanti
600 2073 768 2130 Ptolemaeo
794 2072 917 2144 benigne
942 2073 1129 2139 adnuentem;
1162 2077 1193 2130 at

57 2168 134 2240 apud
149 2167 356 2226 Callimachum
376 2169 466 2226 verba
486 2168 599 2245 περιπρὸ
620 2168 670 2245 γὰρ
692 2167 755 2244 εὐρὺ
777 2165 834 2244 βέβ.
856 2171 913 2227 κτλ.
936 2185 994 2226 nou
1015 2171 1111 2242 posita
1124 2175 1192 2227 sunt

58 2263 93 2320 de
114 2280 183 2336 rege
204 2264 287 2321 modo
308 2270 385 2331 nato,
408 2265 459 2321 sed
480 2265 672 2336 oppositionis
694 2281 795 2334 causa,
829 2265 940 2322 scilicet
959 2270 1006 2330 ut,
1039 2271 1192 2338 postquam

58 2360 93 2417 de
115 2361 246 2418 omnibus
266 2362 384 2432 regibus
406 2361 493 2418 dixit:
517 2360 545 2418 ἐν
567 2360 597 2419 δὲ
619 2360 764 2436 ῥυηφενίην
786 2358 882 2437 ἐ’βαλές
903 2381 1000 2437 σφισιν,
1034 2361 1063 2418 ἐν
1090 2360 1112 2418 δ’
1135 2361 1193 2424 ἅλις

59 2453 139 2533 ὄλβον
159 2460 224 2514 πᾶσι
245 2455 309 2532 μέν,
342 2457 550 2529 Philadelphus
576 2474 592 2515 e
618 2461 780 2515 ceterorum
806 2473 908 2528 regum
939 2473 1057 2515 numero
1084 2459 1193 2515 exime·

58 2558 153 2622 retur3
186 2554 262 2625 apud
288 2554 477 2612 Theocritum
498 2561 595 2611 autem
621 2570 694 2624 quae
719 2555 764 2611 his
796 2554 902 2611 similia
928 2553 1075 2625 videntur,
1107 2555 1192 2618 πολὺς

60 2649 88 2706 δέ
109 2649 135 2708 οἱ
155 2648 236 2726 ὄλβος
257 2649 360 2717 ὀπαδεῖ,
382 2652 486 2712 πολλᾶς
507 2648 536 2706 δὲ
555 2646 665 2725 κρατέει
684 2648 769 2722 γαίας,
791 2651 894 2713 πολλᾶς
916 2649 946 2707 δὲ
965 2648 1113 2720 θαλάσσας,
1135 2668 1193 2709 non

60 2745 93 2804 do
114 2747 247 2805 omnibus
266 2747 381 2819 regibus
401 2747 452 2804 sed
473 2745 509 2803 de
529 2761 586 2802 uno
610 2746 812 2818 proferuntur,
844 2763 947 2819 nempe
968 2747 1004 2804 de
1025 2763 1073 2814 eo,
1106 2764 1191 2817 quem

61 2844 158 2900 statim
179 2843 216 2901 ab
236 2845 321 2902 initio
336 2843 471 2916 Iuppiter
484 2843 643 2901 adamavit.
685 2841 733 2900 Sic
754 2842 870 2901 diversa
883 2848 958 2913 sunt,
980 2859 1054 2912 quae
1068 2842 1192 2901 fortasse

60 2940 150 3009 primo
173 2940 276 2998 obtutu
290 2940 379 2998 alicui
394 2939 496 2997 eadem
516 2938 651 2996 videntur
665 2953 742 3008 esse3
768 2940 819 2997 sed
834 2940 949 2997 etiamsi
964 2939 1019 2997 bae
1040 2940 1075 2997 dc
1090 2940 1193 3011 opibus

61 3051 159 3108 regum
173 3037 405 3109 praedicationes
419 3036 527 3096 similes
541 3038 607 3103 sint,
629 3035 735 3092 iniuste
748 3041 847 3093 tamen
860 3037 985 3094 imitatio
1002 3041 1192 3106 statueretur,

62 3134 193 3202 quoniam
215 3149 233 3191 a
252 3133 331 3190 nullo
353 3132 487 3204 prudenti
511 3136 637 3203 negatur
657 3131 688 3188 in
708 3131 850 3190 similibus
873 3133 1053 3204 argumentis
1079 3133 1188 3191 similia

61 3228 198 3286 facillime
218 3229 342 3286 narrari.

68 3359 70 3365 ·
138 3327 203 3384 Iam
223 3327 290 3384 inde
316 3342 334 3383 a
357 3342 399 3384 vs.
423 3325 459 3382 77
481 3323 654 3382 Theocritus
685 3324 801 3382 summis
826 3323 960 3381 laudibus
985 3324 1070 3382 effert
1096 3330 1194 3382 vastos

59 3419 248 3494 Philadelphi
261 3423 344 3492 regni
363 3421 435 3479 fines
454 3436 608 3490 eorumque
630 3421 757 3492 singulas
777 3425 876 3492 partes
890 3426 1024 3478 accurate
1044 3425 1194 3479 enumerat

56 3526 88 3578 et
109 3519 245 3590 adiungit
259 3518 471 3576 multitudinem
485 3518 616 3588 militum,
639 3518 689 3588 qui
710 3513 870 3591 σεσαγμένοι
884 3515 1083 3594 ἀμφαγέρονπαι
1095 3533 1192 3588 regem

55 3616 133 3690 (94).
176 3616 250 3674 Tum
270 3616 401 3674 celebrat
415 3614 610 3672 Ptolemaeum
624 3630 721 3672 omnes
735 3629 817 3686 reges
832 3611 906 3690 ὄλβῳ
920 3602 1130 3690 ααταβρίθονταε
1156 3629 1192 3670 ex

55 3711 104 3772 his
130 3713 222 3786 largis
249 3713 350 3785 opibus
375 3712 489 3770 incolae
521 3727 633 3782 quoque
659 3711 689 3768 id
721 3710 861 3769 commodi
891 3711 1023 3782 capiunt,
1054 3708 1130 3778 quod
1154 3711 1193 3767 ab

54 3808 185 3869 hostium
206 3809 317 3881 impetu
337 3809 395 3866 tuti
415 3824 487 3881 paee
515 3808 665 3877 fruuntur3
692 3808 755 3880 ipse
775 3812 871 3865 autem
892 3823 945 3864 rex
964 3822 1023 3863 non
1042 3821 1130 3863 avare
1151 3806 1192 3863 di·

55 3907 148 3965 vitias
163 3906 295 3977 congerit
308 3905 493 3963 formicarum
507 3905 630 3975 ratione,
653 3904 704 3961 sed
717 3905 810 3961 multa
824 3904 912 3961 donat
926 3902 995 3973 deis,
1021 3901 1191 3972 hominibus,

57 4003 186 4061 maxime
207 4002 302 4074 poetis
316 4001 585 4072 cantatoribusque3
609 4001 677 4071 quin
698 4001 786 4059 etiam
805 4000 974 4072 parentibus
993 3997 1103 4070 templa
1116 3999 1193 4056 aedi·

58 4097 160 4156 ficavit
181 4103 268 4168 aupue
289 4098 412 4155 honores
442 4097 546 4155 tribuit
572 4097 684 4156 divinos
705 4113 763 4155 una
789 4112 854 4155 cum
873 4095 1000 4154 Arsinoe
1025 4110 1114 4152 uxore
1141 4111 1195 4153 sua

1036 4190 1052 4243 3
