2820 4688
523 455 736 518 ..35-

64 644 187 702 codices.
229 642 339 701 Temen
359 644 430 701 haec
451 642 549 720 ἀρετήν
569 665 600 718 γε
621 643 670 718 μὲν
692 643 725 702 ἐκ
746 641 809 707 Διὸς
830 642 912 716 alost,
934 644 962 700 h.
978 660 1002 702 e.
1024 645 1161 703 virtutem
1182 662 1200 703 a

63 739 132 799 love
152 740 217 812 ipse
237 739 292 798 tibi
312 744 410 812 petas,
438 756 496 798 non
515 757 635 813 prorsus
655 746 725 813 apta
745 741 816 797 mihi
836 740 984 812 videntum
1012 746 1092 799 certe
1112 741 1199 812 paulu

64 836 308 896 accommodatius
329 840 386 901 est,
408 835 434 893 si
455 842 555 908 poeta,
578 837 627 908 qui
647 837 845 896 Ptolemaeum
872 836 1014 895 cantando
1035 837 1150 895 ornavit
1171 841 1200 895 et

63 932 169 992 deinde
190 937 344 990 ornaturus
364 936 422 1002 est,
443 931 474 988 in
494 932 551 990 fine
572 949 590 990 a
610 933 679 991 Iove
699 932 798 1010 ἀρετήν
819 933 881 1006 ipse
901 933 989 1006 petit;
1020 948 1108 1005 quare
1129 933 1199 990 mihi

65 1028 177 1088 arridet
197 1027 374 1099 coniectura,
402 1044 488 1098 quam
508 1026 580 1085 fecit
599 1027 753 1100 Briggsius
778 1028 816 1086 ab
836 1028 979 1087 Ahrensio
1001 1034 1032 1086 et
1051 1029 1198 1088 Meinekio

64 1123 175 1198 (suppl.
197 1123 263 1181 adu.
286 1140 315 1196 p.
336 1120 410 1197 488)
435 1123 603 1195 probatem:
625 1124 743 1196 scripsit
767 1124 843 1181 enim
868 1122 958 1182 αἰτέω.
1000 1124 1084 1183 Haec
1104 1130 1199 1183 autem

64 1220 152 1278 verba
173 1218 271 1296 ἀρετήν
286 1240 317 1292 γε
338 1218 388 1294 μὲν
403 1217 436 1277 ἐκ
449 1218 513 1282 Διὸς
528 1216 611 1277 αἰτέω
625 1217 799 1278 Kirchhot'fii
814 1221 946 1279 doctrina
958 1222 1085 1293 benigna
1098 1221 1199 1280 duetus
1251 1263 1252 1266 =

64 1316 106 1374 sic
126 1317 280 1388 intellego:
302 1321 391 1387 poeta
404 1316 480 1388 petit
500 1317 610 1384 salove,
633 1321 666 1374 ut
686 1318 722 1374 ab
737 1333 771 1374 eo
785 1316 902 1375 adiutus
923 1322 954 1376 et
965 1318 1076 1389 ingenii
1090 1317 1198 1379 viribus

63 1396 222 1472 iustruffns
243 1412 370 1470 sufficiat
390 1412 428 1469 ad
449 1413 576 1470 carmina
594 1413 801 1485 componenda,
823 1430 896 1485 qnae
916 1415 981 1487 regi
1001 1414 1086 1473 modo
1108 1416 1196 1473 vovit

62 1509 150 1566 Hanc
171 1509 248 1566 enim
269 1509 335 1579 vim,
357 1525 431 1579 quae
453 1526 506 1582 per
527 1525 558 1567 se
578 1510 609 1567 in
629 1526 700 1568 voce
721 1509 820 1586 ἀρετήν
842 1526 899 1568 non
919 1510 1005 1580 inest,
1025 1511 1081 1569 hoc
1100 1517 1198 1569 tamen

62 1606 126 1664 loco
152 1604 339 1663 Theocritum
368 1605 462 1664 inesse
493 1606 618 1664 voluisse
649 1612 805 1679 propterea
838 1606 1013 1680 putaverim,
1044 1608 1133 1678 quod,
1166 1614 1199 1665 ut

61 1703 159 1761 verbis
191 1697 317 1758 σέθενδ
349 1699 403 1775 ἐγὼ
432 1699 478 1759 ἶσα
509 1701 556 1761 καὶ
581 1700 672 1760 ἄλλων
698 1701 839 1778 μνάσομαι
862 1699 988 1780 ἡμιθέων
1019 1703 1081 1761 aine
1113 1703 1198 1762 dubio

62 1798 231 1856 memoriam
253 1798 394 1856 formulae
415 1799 495 1857 illius
508 1800 658 1858 revocavit
678 1817 716 1857 ex
736 1800 850 1873 hymnis
864 1800 1017 1858 homericis
1037 1803 1124 1857 uotae
1146 1798 1196 1873 (cf.

61 1893 204 1953 Fuitzsch.
227 1900 257 1952 et
277 1894 382 1954 Hiller.
404 1895 441 1953 ad
461 1912 502 1954 vs.
527 1895 606 1968 135),
629 1895 673 1952 ita
694 1895 783 1952 etiam
804 1895 899 1953 verbis
920 1893 1018 1972 ἀρετήν
1039 1917 1069 1970 γε
1095 1895 1144 1970 μὲν
1166 1893 1198 1955 ἐκ

63 1990 127 2054 Διὸς
158 1987 241 2049 αἰτέω
273 1997 351 2050 tecte
381 1993 482 2064 tetigit
513 1993 670 2050 clausulam
702 1989 776 2048 δίδου
809 1987 831 2047 δ’
853 1989 952 2066 ἀρετήν
978 2013 1009 2048 τε
1036 1989 1082 2049 καί
1107 1989 1197 2068 ὄλβον,

62 2102 120 2158 qua
133 2087 304 2160 hymnorum
326 2088 536 2147 homericorum
557 2088 721 2146 etiamnunc
736 2086 792 2144 duo
813 2086 951 2144 finiuntur
964 2088 1026 2160 (15,
1038 2090 1067 2147 9.
1089 2088 1136 2159 20,
1149 2087 1196 2163 8):

63 2182 166 2254 quihus
185 2184 282 2242 verbis
296 2184 434 2257 rhapsodi
455 2185 512 2242 vim
534 2184 670 2242 cantandi
691 2189 721 2242 et
741 2183 892 2242 victoriam
913 2184 1058 2255 petebant.
1089 2183 1196 2241 Eorum

62 2284 161 2337 uutmn
181 2280 352 2352 hymnorum
378 2281 611 2339 recordationem
631 2279 805 2338 Theocritus
832 2295 866 2337 eo
888 2279 1007 2337 consilio
1028 2285 1137 2352 movet,
1165 2284 1198 2337 ut

62 2374 162 2448 hymni
182 2377 278 2449 specie
299 2393 381 2436 suum
403 2393 515 2449 quoque
536 2393 651 2435 carmen
673 2381 809 2438 exornet:
831 2392 905 2447 quae
927 2375 1014 2434 etiam
1035 2392 1122 2434 causa
1143 2381 1196 2446 est,

63 2488 114 2529 cur
134 2486 237 2530 munus
258 2475 395 2532 cantandi
415 2491 472 2532 non
492 2474 529 2533 ab
544 2474 679 2548 Apolline
700 2479 731 2531 et
744 2473 835 2530 Musis
849 2477 940 2545 petat,
963 2472 1014 2530 sed
1028 2489 1047 2530 a
1060 2474 1139 2545 Iove,
1161 2472 1197 2530 de

62 2582 117 2638 quo
138 2569 170 2627 in
190 2570 309 2628 exordio
330 2570 458 2629 dixerat:
480 2569 512 2629 ἐκ
527 2568 591 2633 Διὸς
611 2567 783 2647 ἀρχώμεοδα
798 2567 843 2628 καὶ
858 2567 886 2631 ἐς
900 2566 952 2626 Δία
973 2567 1069 2644 luttere
1084 2565 1194 2626 Μοῖσαιε

63 2663 104 2721 sic
124 2665 155 2721 in
175 2664 231 2724 fine
252 2667 375 2724 encomii
389 2667 426 2724 ad
438 2665 552 2724 initium
565 2667 723 2738 respiciens
744 2665 793 2739 (cf.
810 2665 987 2740 Kiessliug.)
1009 2665 1063 2722 hac
1083 2681 1196 2737 quoque

65 2776 96 2818 re
117 2760 221 2831 efficit,
244 2763 326 2821 utin
346 2761 546 2821 Ptolemaeum
567 2779 624 2821 uon
645 2762 807 2820 encomium
827 2767 953 2828 tantum,
975 2761 1027 2820 sed
1048 2762 1195 2834 hymnum,

63 2873 116 2928 quo
138 2863 226 2917 antea
239 2860 294 2916 soli
315 2860 362 2918 dei
376 2859 516 2918 celebrari
530 2860 668 2931 solebant,
692 2859 854 2917 condidisse
869 2858 1005 2917 videatur
1025 2857 1076 2931 (cf.
1091 2875 1133 2916 us.
1149 2858 1193 2932 8).

63 2951 195 3014 ueterum
227 2956 291 3029 ipsa
311 2957 383 3014 haec
402 2957 620 3030 interpretatio,
651 2972 708 3027 qua
739 2956 834 3013 exitus
859 2954 995 3013 carminis
1023 2970 1088 3012 cum
1112 2954 1194 3012 initio

62 3052 208 3124 conspirat
227 3056 314 3124 atque
335 3069 489 3111 consensus
503 3053 619 3125 quidam
640 3069 705 3111 cum
726 3051 825 3124 hymni
846 3055 952 3108 natura
973 3049 1105 3122 efficitur,
1127 3067 1193 3109 cor-

61 3148 217 3206 rectionem
239 3144 322 3206 αἰτέω
343 3147 479 3208 affirmat.

139 3243 262 3303 Proreus
293 3245 380 3304 ahter
410 3262 473 3304 rem
493 3263 574 3305 suam
600 3245 726 3304 instituit
748 3242 956 3313 Callimachum
990 3245 1015 3302 is
1042 3242 1117 3302 enim
1138 3243 1194 3300 etsi

59 3339 156 3399 verbis
176 3338 251 3399 δίδου
273 3338 295 3398 δ’
316 3341 414 3418 ἀρετήν
435 3339 456 3399 τ’
480 3339 577 3419 ipset<
602 3363 633 3400 τε
660 3347 690 3400 et
715 3342 777 3413 ipse
805 3341 880 3399 sicut
899 3340 1073 3398 Theocritus
1099 3339 1194 3398 verbis

58 3433 157 3515 ἀρετήν
171 3459 202 3512 γε
224 3437 273 3508 μὲν
295 3437 328 3495 ἐκ
341 3437 405 3502 Διὸς
426 3436 509 3497 αἰτέω
523 3437 664 3497 formulae
684 3438 761 3496 illins
774 3437 938 3495 homericae
952 3436 1071 3508 monuit,
1094 3441 1193 3493 tamen

55 3545 111 3591 sua
131 3534 222 3591 uerba
250 3550 307 3592 nou
328 3535 364 3592 de
385 3535 494 3594 auxilio
516 3534 562 3593 dei
583 3536 614 3593 in
640 3534 812 3593 carminibus
832 3532 994 3606 pangendis
1020 3536 1120 3605 optato
1141 3531 1192 3590 sed

54 3627 93 3687 de
119 3629 230 3687 virtute
261 3630 291 3687 in
316 3630 377 3688 uita
404 3631 529 3689 humanu
554 3631 730 3704 praestanda
756 3631 847 3702 deque
874 3629 1014 3688 felicitate
1038 3627 1191 3688 intellexit.

51 3723 157 3799 Quare
181 3730 333 3798 postquam
357 3743 407 3785 suo
428 3744 509 3786 more
534 3729 615 3788 velut
636 3728 736 3786 doctus
757 3732 932 3800 praeceptor
957 3724 1109 3797 explicuit,
1142 3739 1192 3781 cur

51 3826 211 3892 utrumque
231 3822 317 3882 simul
337 3825 491 3897 petendum
512 3825 563 3894 sit,
596 3824 685 3883 verbe
712 3824 813 3882 eadem
839 3823 948 3896 repetit
968 3838 1024 3880 uuo
1050 3821 1190 3881 vocabulo

50 3917 262 3978 delectationis
284 3936 371 3978 eausa
391 3921 518 3979 variato:
541 3919 615 3978 δίδου
637 3919 659 3978 δ’
682 3920 778 3998 ἀρετήν
799 3942 829 3978 τε
851 3918 896 3978 καί
916 3917 1005 3994 ὄλβον.

137 4014 240 4087 Vides,
262 4018 354 4089 qualis
375 4018 414 4076 sit
436 4017 613 4088 „similitudo
634 4018 782 4076 amborum
803 4016 969 4087 carminum,
991 4031 1077 4086 quam
1096 4030 1188 4083 nemo,

53 4111 106 4185 qui
132 4113 299 4172 accuratius
329 4129 365 4172 ea
395 4113 571 4187 perlegerit,
602 4113 755 4186 negahit“;
790 4117 823 4170 ut
852 4116 966 4170 taceam
997 4111 1033 4169 de
1058 4111 1191 4170 universo

1000 4203 1032 4258 3*
