2820 4688
590 417 807 481 ‚25-

136 611 154 667 1
176 609 351 682 expressisse
365 608 479 666 initium
499 608 598 679 hymni
612 604 824 665 Callimaohei⁶.>
860 605 1033 665 Theocritus
1048 605 1151 665 deinde
1170 604 1270 678 pergit

138 705 259 780 (5-8):
281 709 315 762 ut
335 705 440 777 priscis
460 705 595 762 heroibus
615 709 765 777 poetarum
785 705 887 763 laudes
907 703 1127 777 contigerunt),
1151 703 1195 760 ita
1216 717 1269 774 ego

137 818 211 860 nuno
235 801 434 860 Ptolemaeum
460 803 566 874 hymno
599 802 762 861 celebrabo.
803 802 903 872 Atque
935 800 1080 858 blanditus
1110 800 1176 871 regi
1207 802 1270 872 post

135 900 255 958 verbum
286 898 430 975 ipericurp’
462 899 556 957 addit:
589 897 668 974 ipsos
693 899 723 957 δὲ
748 898 794 958 καὶ
820 897 966 956 ἀθανάτων
992 897 1073 974 γέρας
1100 895 1191 954 αὐτῶν
1218 895 1267 971 (oi.

136 997 184 1062 22,
207 997 288 1071 223).
334 997 392 1054 His
424 997 516 1069 igitur
546 996 676 1054 versibus
707 1001 906 1069 argumentum
937 995 1072 1053 carminis
1097 992 1269 1051 Theocritus

136 1093 265 1166 exponit:
299 1109 330 1150 se
355 1109 431 1150 nunc
456 1092 648 1166 Philadelpho
674 1094 810 1166 hymnum
838 1092 945 1150 dicare.
986 1089 1058 1148 Post
1089 1091 1144 1149 hos
1175 1093 1269 1147 autem

136 1205 245 1260 versus,
262 1189 365 1260 quibus
378 1206 416 1247 ne
430 1191 526 1263 potnit
540 1190 654 1261 quidem
668 1189 839 1247 Callimachi
853 1189 1000 1260 exemplar
1013 1187 1133 1255 imitari,
1147 1186 1269 1245 alterum

50 1280 53 1286 ’
136 1285 219 1356 quasi
240 1284 467 1344 blandimentum
488 1301 632 1357 promens,
659 1302 722 1343 cum
743 1286 876 1358 plurimis
897 1285 982 1344 rebus
1001 1301 1100 1357 regem
1120 1283 1269 1342 florentem

136 1382 184 1439 dei
204 1381 336 1454 fecerint,
358 1383 469 1440 nescire
489 1398 520 1440 se
534 1382 652 1453 fatetur,
675 1382 750 1439 unde
763 1382 878 1441 initium
892 1384 990 1455 capiat
1004 1380 1147 1439 cantandi.
1179 1379 1269 1450 Quam

135 1479 251 1536 tertiam
271 1479 445 1551 particulam
464 1480 570 1538 iterum
591 1480 785 1552 comparando
807 1480 950 1553 expressit
970 1475 1108 1551 (9-1a):

290 1590 365 1650 Ἴδαν
387 1592 415 1657 ἐς
435 1592 618 1671 πολύδενδρον
640 1593 707 1671 ἀνὴρ
728 1593 864 1669 ὑλατόμος
885 1591 976 1651 ἐλθὼν

297 1688 447 1761 παπταίνει,
468 1690 617 1768 παρεόντος
638 1688 714 1768 ἅδην,
737 1690 823 1749 πόθεν
845 1688 951 1767 ἄρξεται
973 1691 1060 1766 ἔργου.

295 1784 322 1843 τί
340 1789 448 1865 πρῶτον
469 1785 623 1856 καταλέξως
646 1786 704 1845 ἐπεὶ
725 1786 799 1863 ποίρα
821 1785 903 1863 μυρία
925 1786 1016 1855 εἰπεῖν,

296 1881 346 1940 οἷσι
366 1882 427 1940 θεοὶ
447 1883 494 1941 τδν
515 1882 621 1960 ἄριστον
644 1883 772 1961 ἐτίμησαν
795 1883 939 1960 βασιλήων.

136 1993 208 2053 Cum
228 1996 284 2055 hac
297 2002 400 2070 poetae
421 1996 520 2075 ἀπορίᾳ
534 2015 600 2055 uum
622 2006 689 2072 apte
703 1999 872 2057 imitationis
894 2014 981 2056 eausa
995 1995 1167 2055 Callimachi
1180 1994 1268 2054 verba

136 2093 325 2152 conferuntur
345 2095 428 2153 haec:
452 2094 480 2152 ἐν
503 2097 564 2173 δοιῇ
585 2095 661 2171 μάλα
681 2095 778 2171 θυμός,
800 2094 859 2153 ἐπεὶ
882 2093 959 2169 γένος
981 2090 1170 2170 ἀμφήριστονῖ
1201 2090 1268 2149 Pro·

136 2191 213 2248 tecto
236 2190 310 2262 quod
336 2207 371 2248 ex
396 2192 451 2250 hoc
476 2208 560 2250 versu
585 2193 756 2251 Theocritus
788 2200 849 2249 tam
879 2191 993 2264 poetice
1025 2189 1268 2262 comparationem

138 2304 218 2344 suam
240 2289 414 2360 enucleavit,
448 2289 632 2348 admirandus
654 2294 709 2360 est,
741 2289 914 2362 praesertim
940 2305 1004 2346 curu
1024 2284 1201 2346 Callimachi
1221 2283 1268 2341 du·

136 2384 240 2441 bitatio
261 2401 380 2457 prorsus
402 2386 516 2444 diversa
536 2387 588 2453 sit;
621 2402 713 2457 neque
739 2385 813 2442 enim
834 2385 860 2442 is
886 2384 1013 2456 dubitat,
1045 2382 1122 2440 unde
1147 2380 1268 2454 incipiat

136 2481 219 2538 deum
241 2497 355 2550 canere,
377 2482 428 2540 sed
441 2483 543 2541 haeret
562 2484 592 2540 in
607 2483 684 2541 Iovis
702 2498 818 2554 genere,
840 2481 916 2553 quod
931 2486 976 2538 est
989 2479 1168 2558 ἀμφήριστον,
1188 2475 1268 2551 quasi

136 2577 348 2637 diiudicaturus
362 2585 510 2637 certamen
531 2579 675 2651 quoddam
696 2584 827 2652 spectans
841 2578 880 2636 ad
893 2579 1018 2638 litteras.
1059 2575 1157 2650 Prope
1178 2574 1269 2646 magis

136 2674 226 2732 etiam
251 2675 374 2733 ridicule
394 2675 568 2734 Theocritus
595 2676 701 2734 dicitur
726 2675 901 2748 lignatorem
933 2675 1045 2733 misisse
1064 2671 1140 2732 Ἴδαν
1166 2671 1196 2735 ἐς
1219 2692 1270 2728 ιιοἁ

137 2767 281 2849 λὺδενδρον
303 2773 340 2829 ob
364 2772 394 2829 id
415 2774 519 2843 solum,
551 2774 627 2845 quod
648 2771 843 2832 Callimachus
869 2772 904 2830 de
925 2769 1062 2830 Oretibus
1087 2768 1270 2828 mendacibus

136 2868 217 2925 dicit:
251 2865 319 2940 Ζεῦ,
345 2868 375 2926 σὲ
401 2868 451 2944 μὲν
477 2867 608 2928 Ἰδαίοισιν
635 2868 663 2926 ἐν
695 2866 785 2946 οὔρεσι
810 2866 874 2946 ραοὶ
898 2866 1023 2942 γενέσθαι
1044 2866 1108 2943 (6);
1141 2880 1270 2923 nonnae

136 2971 239 3037 poetae
260 2965 399 3024 homerici
418 2967 513 3024 verbis
528 2964 604 3043 Ἴδης
624 2965 758 3042 ὑληέσσης
779 2964 818 3042 (Φ
839 2964 912 3040 449)
935 2965 1008 3023 disci
1028 2969 1160 3037 poterat,
1185 2977 1271 3036 quam

136 3067 204 3135 apte
225 3061 398 3122 Theocritus
420 3065 594 3136 cogitaverit
616 3065 651 3122 de
672 3065 725 3122 Ida
746 3068 842 3123 monte
863 3080 921 3122 non
934 3061 1069 3121 Cretensi
1090 3061 1141 3120 sed
1155 3059 1269 3131 Troico,

136 3160 165 3215 in
186 3175 242 3230 quo
263 3159 491 3231 Agamemnonis
515 3161 593 3220 iussu
619 3161 682 3238 δρῦς
713 3159 864 3236 ὑψικόμους
889 3159 1020 3237 ταναήκεϊ
1044 3158 1144 3236 χαλκῷ
1168 3154 1270 3231 τάμνον

137 3253 181 3329 (Ψ
205 3257 262 3314 118
283 3274 339 3328 sq.;
362 3256 398 3316 ef.
421 3258 509 3314 etiam
531 3255 552 3314 Ξ
574 3259 641 3316 287.
665 3256 691 3314 (1)
713 3258 807 3331 559)⁶.>

216 3354 277 3410 Iam
309 3355 398 3411 verba
422 3371 495 3426 quae
522 3361 679 3426 sequuntur
700 3353 733 3414 ἐκ
753 3353 879 3431 πατέρων
901 3353 956 3417 οἷος
982 3352 1032 3428 μὲν
1053 3352 1101 3427 ἔην
1123 3349 1190 3428 (13)
1215 3362 1271 3407 uno

137 3455 240 3508 tenore
262 3451 413 3509 coniuncta
440 3451 609 3510 difficillima
640 3451 768 3510 suntad
793 3450 1027 3524 intellegendum.
1068 3448 1171 3520 Neque
1198 3445 1273 3504 euim

137 3547 225 3604 verba
247 3544 279 3605 ἐκ
301 3545 440 3624 πατέρων,
466 3553 500 3605 ut
520 3553 625 3621 argute
646 3549 793 3608 Vahlenns
814 3549 917 3617 sensit,
940 3548 1040 3606 autri
1061 3545 1218 3620 temporali
1237 3542 1271 3602 de

75 3654 76 3658 ’
136 3642 268 3715 lagida,
300 3648 334 3700 ut
359 3644 523 3715 significent
556 3645 640 3715 „inde
662 3663 680 3703 a
705 3646 883 3718 temporibus
903 3645 1078 3711 maiorum“,
1110 3646 1163 3700 aut
1188 3654 1272 3700 sensu

210 3826 235 3897 ¹)
255 3825 316 3883 Vsa.
336 3827 352 3881 5
372 3842 413 3897 sq.
427 3825 533 3898 (ἥρωες,
551 3818 592 3880 τοὶ
604 3825 716 3894 πρόσθεν
730 3825 774 3899 ἀφ’
793 3825 908 3901 ἡμιθέων
929 3825 1050 3896 ἐγένοντο,
1070 3820 1189 3903 ῥέξαντες
1207 3819 1273 3875 καλὰ

139 3913 199 3986 ἔρια
219 3956 226 3970 .
245 3956 253 3970 .
273 3917 291 3983 .)
310 3914 467 3985 comparari
485 3917 605 3984 possunt
617 3931 680 3970 cum
692 3915 804 3970 Hesicd.
824 3914 857 3972 Ο.
870 3915 905 3972 Ι).
920 3916 970 3970 158
989 3930 1042 3984 sq,
1060 3928 1115 3984 quo
1132 3913 1195 3968 loeo
1206 3909 1271 3967 inde

138 4017 155 4065 a
178 4018 217 4060 vs.
239 4005 287 4057 161
317 4002 433 4075 ἡμιθέων
461 4004 527 4056 καλὰ
555 4003 615 4077 ἔργα
644 4006 823 4071 enarrantur3
852 4003 886 4059 ci.
906 4003 990 4058 etiam
1013 4001 1107 4072 hymn.
1131 4000 1205 4056 hom.
1228 4000 1272 4059 31,

140 4090 172 4143 18
191 4106 233 4161 sq.
252 4091 295 4161 32,
317 4094 348 4146 18
367 4107 429 4162 sqq.
448 4121 482 4131 -
