2820 4688
638 394 857 456 ..52-

185 584 263 659 (Hel.
289 585 364 642 llos
386 584 456 658 sq.):
489 582 536 640 uuir
562 581 721 640 ἀοιδοτάταν
748 583 843 662 ὄρνιθα
869 585 993 661 μελῳδὸν
1020 583 1137 660 ἀηδόνας
1168 584 1245 642 idem
1265 602 1317 643 νο·

184 683 317 740 cabulnm
338 681 497 738 Phanocles
518 680 616 753 posuit
637 681 672 738 de
693 681 788 739 Lesbo
809 683 904 740 insula
925 681 998 757 (frg.
1023 686 1047 755 1,
1070 681 1155 754 apud.
1172 681 1251 739 Stob.
1269 682 1316 752 64,

187 781 231 852 14,
254 795 295 839 vs.
319 777 383 852 22):
411 777 520 836 πασέων
542 777 564 835 δ’
588 776 657 835 ἐστὶν
679 776 836 854 ἀσιδοτάτη;
863 784 893 837 et
913 779 1046 851 Eupolis,
1068 783 1155 850 pocta
1182 779 1315 848 comicus,
1353 811 1357 816 ·

183 875 330 946 Alcaeum,
353 880 386 932 nt
406 875 667 947 putathleinckius
688 876 772 948 (com.
788 892 834 947 gr.
855 874 893 933 ΙΙ.
921 879 945 941 1,
968 894 996 948 p.
1013 874 1094 949 540),
1117 875 1318 948 appellaverat

183 971 206 1029 ὦ
233 971 456 1050 κιθαραοιδότατε
478 972 547 1046 (irg.
570 973 627 1030 293
650 970 710 1046 K).
739 1006 775 1012 -
802 971 912 1045 Quodsi
933 973 962 1028 in
988 972 1034 1029 his
1054 971 1228 1029 Theocritus
1249 971 1317 1028 imi-

182 1074 262 1127 tator
292 1069 362 1139 fuit‚
396 1069 495 1126 codem
527 1069 591 1126 iure
626 1069 686 1126 alia
716 1069 793 1126 haud
824 1086 917 1141 pauca
937 1085 954 1126 e
975 1067 1152 1126 Callimacho
1180 1068 1314 1140 arripuit.

182 1166 298 1224 Etenim
323 1165 517 1224 Callimachus
543 1165 614 1222 dicit
639 1163 718 1222 πεδία
739 1162 855 1242 Κρισαῖα
881 1163 927 1225 καὶ
946 1163 1052 1242 ἤπειροι
1073 1209 1081 1225 .
1104 1208 1110 1222 .
1136 1209 1142 1221 .
1166 1163 1315 1240 ἀμφιπερι-

183 1261 336 1320 στείνωνται
367 1263 418 1320 scl.
451 1261 602 1319 Gallorum
632 1262 816 1320 multitudine
852 1261 898 1336 (4,
934 1264 990 1321 178
1022 1260 1091 1336 σα),
1128 1261 1314 1319 Theocritus:

185 1357 318 1417 στείνοντο
340 1358 370 1414 δὲ
391 1357 481 1420 πίονες
502 1357 580 1435 ἀγροί
600 1359 650 1418 sol.
672 1359 810 1430 gregibus
831 1359 944 1431 Augias
966 1375 981 1416 e
1002 1376 1108 1431 pascuo
1128 1358 1316 1417 redeuntibus

182 1456 243 1531 (25,
267 1455 328 1531 97),
350 1454 424 1512 urrde
439 1460 563 1526 apparet
582 1455 676 1512 locum
691 1455 895 1512 Theocritenm
910 1454 983 1512 falso
999 1456 1171 1513 coniecturis
1190 1460 1316 1527 tempta«

181 1558 241 1610 tum
263 1569 337 1623 esse;
356 1553 406 1609 ille
428 1552 463 1609 dc
485 1552 560 1609 Delo
581 1551 688 1610 insula:
711 1550 749 1608 ἐνὶ
769 1550 891 1628 πρώτῃσι
913 1550 1036 1624 λέγεσθαι
1057 1553 1097 1628 (4,
1123 1552 1187 1626 16),
1209 1552 1256 1609 llic
1278 1552 1313 1609 de

180 1648 360 1707 Ptolemaeo:
396 1647 434 1705 ἐνὶ
464 1647 593 1725 πρώτοισι
619 1647 740 1722 λεγέσθω
764 1649 824 1723 (17,
847 1648 891 1722 3):
923 1649 955 1705 in
985 1649 1087 1718 quibus
1112 1649 1137 1706 si
1162 1649 1227 1719 quis
1246 1649 1313 1705 imi-

179 1747 322 1804 tationem
343 1749 461 1816 captare
480 1746 560 1803 volet
582 1778 618 1784 -
640 1745 730 1802 miror
744 1745 820 1802 enim
841 1745 935 1803 adbuc
949 1745 1091 1803 neminem
1105 1751 1238 1817 captasse
1261 1778 1308 1815 -‚

181 1845 236 1901 hoc
258 1859 368 1915 quoquc
389 1846 560 1913 argumento
582 1843 663 1900 abuti
682 1843 790 1914 poterit
808 1842 994 1901 Theocritum
1015 1843 1183 1900 inconcinne
1203 1841 1311 1900 dixisse

181 1939 219 1996 ἐνὶ
239 1940 368 2017 πρώτοισι
389 1939 510 2015 λεγέσθω
532 1940 577 1999 καὶ
597 1939 721 2014 πόματος
741 1940 787 1999 καὶ
808 1940 919 2016 μέσσος,
943 1941 1076 1999 nimirum
1098 1945 1130 1997 ut
1150 1942 1312 2013 exemplum

180 2054 263 2095 snum
284 2053 369 2108 quiam
389 2035 527 2095 fidissime
549 2038 734 2108 exprimeret!
764 2039 797 2094 ln
818 2038 946 2096 eiusdem
968 2038 1102 2096 carminis
1122 2054 1164 2096 vs.
1182 2040 1219 2095 75
1241 2038 1313 2094 dicit

179 2134 331 2210 γεινόμενον
352 2133 503 2211 coloprino,
525 2134 660 2192 similitor
674 2134 866 2192 Callimachus
881 2136 908 2202 3,
932 2135 984 2191 23:
1005 2133 1162 2210 γειναμένην
1182 2134 1213 2191 τὸ
1235 2138 1312 2211 πρῶ-

178 2249 237 2301 τον,
260 2249 299 2289 vs.
319 2233 376 2289 104
390 2231 440 2288 ille
461 2229 584 2307 πατρώια
599 2229 686 2288 πάντα
700 2229 852 2306 φυλάσσειν,
875 2235 907 2287 ut
921 2230 1114 2290 Callimachus
1129 2231 1164 2289 de
1178 2232 1312 2290 Minerva

178 2327 300 2404 πατρώια
331 2326 418 2386 πάντα
449 2326 579 2404 φέρεσθαι
610 2327 655 2402 (5,
680 2330 750 2391 133;
783 2328 820 2386 cf.
847 2327 933 2385 Hom.
956 2350 975 2384 π
997 2327 1081 2403 388),
1102 2345 1143 2387 vs,
1171 2330 1227 2387 136
1253 2346 1311 2399 sq.÷

179 2425 242 2486 ’έπος
273 2423 323 2483 οὐκ
354 2423 507 2500 ἀπόβλητον
539 2423 702 2500 φθέγξομαι,
733 2429 766 2480 ut
792 2425 867 2482 alter
887 2423 1021 2500 φθέγξατο
1043 2425 1065 2481 δ’
1092 2423 1142 2484 οὐκ
1167 2423 1310 2482 ἀτέλεστον

180 2521 222 2596 (4,
246 2521 298 2583 aa
331 2522 367 2578 cf.
400 2521 485 2578 Hom.
518 2521 544 2578 B
577 2521 656 2592 sol).
699 2520 804 2590 Vides,
837 2521 936 2592 credo,
963 2538 1049 2592 quam
1073 2522 1164 2579 multa
1194 2522 1224 2579 in
1256 2522 1312 2579 hoc

177 2633 234 2674 uno
270 2617 397 2675 carmine
427 2616 515 2676 XVII
548 2618 719 2675 Theocritus
754 2618 885 2675 imitatus
925 2619 963 2676 sit
993 2618 1057 2676 aliis
1094 2617 1210 2675 aliunde
1242 2635 1311 2676 con-

177 2714 278 2786 gestis!
326 2714 438 2772 Deinde
474 2714 509 2772 de
546 2714 658 2772 homine
694 2731 792 2774 amore
827 2720 903 2773 tosto
939 2713 1133 2773 Callimachus
1167 2716 1308 2785 loquitur:

177 2810 300 2888 ὤπτηται
331 2811 400 2885 μέγα
431 2810 463 2886 δή
495 2833 518 2868 τι
554 2810 661 2886 (epigr.
693 2813 746 2881 43,
779 2812 826 2887 5),
859 2812 1042 2870 Theocritus:
1083 2809 1249 2886 δπτεόμενον
1282 2811 1310 2878 ἐξ

173 2906 338 2984 Ἀφροδίτας
377 2909 422 2982 (7,
454 2908 505 2974 55;
548 2908 584 2965 cf.
612 2909 664 2977 23,
697 2909 759 2983 34).
815 2909 871 2966 Ille
907 2909 1050 2966 exclamat
1088 2907 1183 2976 τάλαν,
1224 2906 1310 2965 τάλαν

177 3005 281 3079 (epigr.
305 3006 351 3077 30,
377 3004 419 3079 l),
441 3008 472 3061 st
493 3003 593 3062 eadem
614 3006 704 3063 verba
725 3006 873 3078 duplicata
892 3007 1029 3077 leguntur
1049 3005 1126 3078 apud
1146 3005 1222 3063 hunc
1244 3006 1270 3075 6,
1291 3007 1309 3062 8

177 3102 277 3160 eadem
309 3117 408 3159 versus
441 3099 510 3157 sede
544 3106 612 3157 ante
645 3117 795 3158 caesuram
827 3101 993 3160 bucolicam.
1041 3101 1082 3158 Et
1105 3107 1225 3174 possunt
1251 3102 1311 3160 aha

177 3197 317 3255 eiusmodi
338 3196 517 3268 investigari,
541 3212 615 3266 quae
635 3213 710 3255 nuuc
730 3197 939 3269 praetermitto.

260 3296 341 3354 Unus
362 3293 442 3351 locus
462 3297 569 3366 restat,
597 3293 632 3351 de
654 3310 708 3364 quc
730 3310 823 3367 pauca
843 3294 1008 3367 disputabo:
1036 3311 1098 3352 cum
1125 3296 1200 3354 enim
1221 3295 1311 3354 Calli-

176 3391 295 3448 machus
316 3389 480 3463 Apollinem
501 3390 643 3448 dicentem
664 3390 754 3448 iaciat
774 3390 815 3465 (4,
839 3391 891 3466 98)
913 3389 1032 3466 εὖαγέων
1054 3391 1084 3448 δὲ
1106 3391 1151 3450 καὶ
1173 3391 1309 3467 εὖαγέεσσι

177 3484 311 3562 μελοίμην
334 3489 363 3543 et
384 3487 415 3543 in
436 3486 561 3544 carmine
582 3485 755 3545 Theocritco
769 3486 879 3546 XXVI
900 3487 1016 3561 legatur
1036 3489 1084 3547 hic
1103 3505 1205 3548 versus
1226 3489 1308 3565 (30):

176 3581 255 3647 αὐτὸς
276 3580 297 3638 δ’
321 3580 456 3657 εὖαγέοιμι
482 3581 527 3641 καὶ
549 3580 697 3656 εὐαγέεσσιν
720 3582 823 3658 ἅδοιμι,
856 3601 908 3653 „ex
930 3590 1031 3659 aporia
1053 3584 1225 3645 Callimachi
1244 3588 1310 3645 imi·

175 3679 304 3737 tatione“
328 3679 363 3736 de
378 3679 622 3738 Wilamowitzius
644 3681 786 3740 conclusit
805 3698 908 3754 poema
928 3699 984 3742 non
1005 3683 1155 3742 Theocriti
1175 3700 1237 3744 esse
1258 3686 1310 3744 sed

176 3776 343 3844 imitatoris,
376 3780 409 3832 ut
429 3775 520 3833 tradit
539 3776 710 3836 Knaaclrius
718 3776 750 3852 ¹).
792 3779 884 3837 Multo
910 3780 1001 3853 Igitur
1026 3781 1237 3840 consideratius
1262 3784 1311 3842 vir

175 3873 226 3930 ille
259 3872 461 3944 sagacissimus
492 3873 601 3931 iudicat
625 3873 812 3933 Theocritum
844 3892 899 3935 non
932 3893 994 3937 csse
1019 3878 1196 3938 imitatorem
1217 3877 1309 3938 (lalli-

247 4083 267 4149 1)
288 4081 440 4150 „Analecta
452 4080 533 4137 Alex.
548 4113 580 4122 —
594 4083 699 4154 Rom.“‚
714 4086 779 4141 diss.
794 4085 948 4156 Grypbisw.
964 4088 1040 4155 1880,
1054 4104 1081 4157 p.
1095 4089 1129 4143 58
1142 4087 1206 4144 adn.
1219 4090 1262 4143 81.
1274 4118 1307 4128 ·-
