2820 4688
516 357 817 459 ⁴-11-

135 583 271 656 legimus:
293 584 393 643 πολλὸν
416 583 479 660 (eol.
501 584 614 663 χρυσὸν)
637 583 659 642 δ’
681 584 810 662 ἰφθίμοισι
831 585 981 663 δεδώρηται
1001 589 1141 663 βασιλεῦσι,
1163 587 1263 646 πολλὸν

138 679 169 738 δὲ
189 679 338 751 πτολέεσσι,
360 680 443 740 πολδν
466 678 488 740 δ’
509 680 646 756 ἀγαθοῖσιν
667 681 780 760 ἑταίροις
799 682 850 758 (ef.
874 684 919 755 14,
942 681 1002 758 63).
1025 715 1061 726 -
1083 684 1196 742 Deinde
1218 684 1265 743 dei

136 777 261 836 donandi
291 783 358 837 sunt
384 779 430 837 vel
454 779 542 837 morio
567 778 734 838 valdonis:
767 782 818 850 16,
841 781 878 838 26
904 778 954 837 αἰεὶ
979 779 1010 837 δὲ
1034 779 1108 844 θεοῖς
1132 779 1264 858 ἐπιβώμια

139 873 236 950 βέζεινι
265 875 333 933 huic
353 891 464 947 quoque
488 874 583 934 officio
604 875 788 934 Ptolemaeus
808 876 962 935 satisfecit:
986 878 1032 946 17,
1056 877 1111 936 108
1132 892 1174 947 aq.
1195 875 1264 934 ἀλλὰ

136 970 222 1030 πολὺν
255 972 436 1051 (εοῙχρυσδν)
467 971 517 1048 μὲν
537 973 628 1050 ἔχοντι
647 971 721 1031 θεῶν
743 972 878 1050 ἐρικυδέες
898 971 967 1032 οἶκοι
987 972 1043 1031 αἰὲν
1063 972 1264 1051 ἀπαρχομένοιο

141 1067 189 1126 σὺν
213 1066 329 1128 ἀλλοισιν
349 1068 481 1146 χεράεσσι,
503 1075 534 1128 et
556 1071 609 1128 121
633 1087 693 1142 sqq.
715 1071 814 1145 μοῦνος
835 1069 865 1128 δὲ
886 1068 1017 1147 -ματρὶ
1037 1069 1101 1147 φίληι
1121 1069 1167 1129 καὶ
1186 1068 1266 1145 πατρὶ

137 1165 264 1229 θυώδεος
285 1165 374 1224 εἵσατο
395 1164 482 1239 ναούς,
505 1172 536 1226 et
558 1167 613 1225 126
635 1182 677 1237 eq.
698 1166 786 1225 πολλὰ
807 1166 837 1224 δὲ
857 1164 1002 1224 πιανθέντα
1021 1169 1093 1244 βοῶν
1114 1164 1160 1239 dre
1181 1164 1265 1242 μηρία

137 1261 206 1321 καίει
236 1261 301 1339 μησὶ
327 1262 559 1340 περιπλομένοισιν
594 1262 785 1340 ἐρευθομένων
821 1261 865 1321 ἐπὶ
892 1262 1002 1339 βώμοιν.
1035 1294 1078 1306 -v
1103 1263 1169 1321 Hoc
1197 1277 1265 1320 vero

138 1360 262 1418 maxime
277 1359 434 1433 Theocriti,
456 1377 520 1418 cum
534 1360 573 1419 sit
587 1365 684 1434 poeta.
698 1362 827 1432 interest,
851 1361 926 1433 quod
940 1362 1126 1434 conqueritur
1138 1360 1266 1418 homines

137 1457 263 1515 avaritia
283 1462 436 1529 superatos
456 1458 514 1516 iam
534 1475 592 1517 nou
616 1458 714 1530 magni
735 1458 888 1516 aestimare
908 1462 1010 1530 poetas
1029 1474 1119 1530 neque
1140 1473 1202 1514 ease
1223 1456 1266 1513 eis

137 1553 297 1611 munificos:
323 1555 369 1625 16,
393 1553 429 1612 15
445 1570 519 1627 eqq23
543 1556 578 1613 19
600 1570 642 1625 eq.
664 1553 724 1612 θεοὶ
744 1557 854 1630 τιμῶσιν
869 1552 984 1619 ἀοιδοάς.
1005 1553 1044 1618 τίς
1064 1553 1095 1613 δέ
1115 1575 1162 1613 κεν
1183 1551 1267 1611 άλλου

139 1648 264 1720 ἀκούσαις
297 1649 355 1714 ἅλις
386 1649 526 1709 πάντεσσιν
541 1648 676 1729 Ὅμηρος·
709 1649 787 1715 οὗτος
819 1651 917 1710 ἀοιδῶν
949 1653 1060 1728 λῷστος,
1091 1651 1122 1715 ὃς
1147 1648 1176 1716 ἐξ
1201 1649 1268 1725 ἐμεῖν

139 1746 238 1805 οίσεται
259 1745 348 1819 oridia
371 1752 401 1805 et
421 1748 459 1805 24
481 1746 550 1806 ἀλλὰ
570 1746 601 1805 τὸ
623 1747 672 1822 μὲν
687 1749 771 1825 ψυχᾷ,
792 1746 868 1806 τὸδὲ
888 1747 935 1807 καί
952 1771 1001 1806 τινι
1021 1749 1112 1806 δοῦναι
1132 1746 1268 1816 aaronem

138 1850 169 1902 et
191 1845 227 1902 29
243 1842 382 1902 Μουσάων
403 1843 433 1901 δὲ
447 1843 562 1918 μάλιστα
582 1842 645 1902 τίειν
663 1843 753 1920 ἱεροὺς
767 1842 914 1921 ὑποφήτας.
955 1846 1034 1917 Quae
1054 1846 1103 1904 hic
1123 1844 1269 1902 desideret

140 1946 237 2014 poeta,
259 1956 294 1998 ea
314 1940 349 1998 de
370 1940 433 2013 ipso
455 1939 618 1998 Ptolemaeo
639 1940 761 1998 maxime
780 1941 943 2015 praedicat;
966 1958 1031 1999 nam
1055 1943 1100 2012 17,
1125 1943 1181 2000 112
1205 1958 1265 2014 sqq.

138 2037 274 2110 legimus:
297 2035 360 2094 οὐδὲ
381 2035 519 2094 Διωνύσου
539 2058 578 2100 τις
598 2034 666 2113 ἀνὴρ
693 2036 781 2113 ἱεροὺς
802 2035 859 2096 κατ’
881 2036 988 2113 ἀγῶνας
1006 2036 1071 2097 ἵκετ’
1093 2037 1268 2113 ἐπιστάμενος

140 2133 246 2211 λιγυρὰν
267 2133 421 2210 ἀναμέλψαι
441 2132 548 2205 ἀοιδάν,
575 2129 644 2212 duod
665 2131 778 2192 δωτίναν
793 2132 914 2199 ἀντάξιον
928 2133 1021 2193 ώπασε
1040 2133 1146 2213 τέχνας.
1188 2132 1269 2192 Μου-

142 2229 216 2288 σάων
238 2228 259 2288 δ’
287 2229 420 2307 ὑποφῆται
451 2228 565 2289 ἀείδοντι
588 2229 757 2305 Πτολεμαῖον
783 2229 836 2288 ἀντ’
864 2229 1027 2308 εὐεργεσίης·
1058 2230 1133 2289 τίδὲ
1158 2231 1268 2291 κάλλιον

146 2326 221 2404 ἀνδρί
241 2349 288 2385 κεν
310 2326 351 2403 εἴη
366 2324 448 2404 ἀλβίῳ
468 2325 486 2403 ἢ
501 2326 581 2391 κλέος
595 2327 692 2387 ἐσθλὸν
714 2326 741 2384 ἐν
756 2326 934 2403 ἀνθρώποισιν
949 2326 1061 2406 ἀφέσθαι
1080 2328 1130 2404 (ef.
1156 2331 1200 2401 14,
1217 2330 1267 2387 61:

139 2423 327 2500 φιλόμουσος).

217 2522 293 2578 Num
326 2521 414 2594 igitur
444 2522 506 2580 ulla
536 2522 647 2580 ratione
672 2522 829 2581 verisimile
861 2527 906 2582 est
931 2526 1028 2581 tantae
1053 2522 1088 2582 de
1107 2522 1269 2581 Ptolemaei

142 2617 335 2677 munificentia
354 2619 453 2678 laudes
467 2618 540 2678 falso
556 2626 587 2678 et
604 2619 688 2678 modo
702 2620 868 2680 blandiendi
889 2635 976 2679 causa
988 2620 1171 2692 praedicata·
1185 2625 1268 2679 esset>

142 2715 190 2773 An
210 2732 267 2774 non
292 2716 407 2775 aliunde
438 2733 548 2788 quoque
573 2718 645 2775 satio
670 2722 792 2784 constat,
823 2721 930 2788 quanta
960 2718 1161 2776 benevolentia
1180 2717 1269 2776 fuerit

142 2811 360 2886 Philadelphus,
381 2818 490 2885 quanto
511 2818 661 2885 poetarum
680 2815 782 2884 studio,
805 2820 910 2886 quanto
932 2813 1053 2886 denique
1072 2815 1165 2873 auimo
1185 2831 1267 2887 prac-

142 2908 218 2967 ditus
239 2909 276 2967 ad
296 2925 346 2968 cos
358 2923 426 2969 vere
448 2911 641 2969 aestimandos
655 2915 742 2982 atque
763 2911 993 2984 intenegendosa
1023 2910 1063 2969 nt
1082 2928 1152 2984 rege
1170 2916 1268 2970 tanto·

142 3021 211 3077 pcre
242 3005 405 3064 collaudato
431 3006 617 3065 Theocritum
647 3023 715 3064 num
740 3023 804 3066 cum
829 3009 866 3067 A.
886 3005 1075 3084 Fritzschio²)
1107 2990 1292 3082 putabimur¹

142 3108 244 3175 postea
263 3103 295 3159 in
315 3120 339 3161 c.
361 3102 435 3162 XVI
455 3104 528 3162 haec
548 3103 584 3162 de
603 3104 771 3162 Ptolemaeo
793 3105 889 3163 dicere
910 3120 1011 3162 aueum
1031 3121 1106 3163 ease:
1137 3101 1194 3163 ἀλλ’
1213 3101 1272 3167 ἶσος

142 3198 192 3275 γὰρ
214 3198 228 3256 δ
250 3198 357 3278 μόχθος
377 3197 417 3257 ἐπ’
449 3197 507 3277 ᾀάνι
532 3198 627 3276 κύματ’
659 3199 791 3278 ἀμιθρεῖν,
823 3198 878 3259 ὅσά
911 3199 1011 3277 άνεμος
1041 3200 1172 3279 χέρσονδε
1202 3200 1272 3276 μετὰ

142 3298 263 3368 γλαυκᾶς
278 3286 280 3290 ’
294 3295 359 3360 ἁλὸς
379 3295 455 3367 obet,
476 3295 495 3373 ἢ
516 3295 592 3355 ὕδατι
612 3296 688 3363 νίζειν
713 3296 831 3374 θολεράν
852 3297 960 3356 διαειδέι
979 3296 1100 3370 πλίνθον,
1132 3296 1178 3357 καὶ
1198 3301 1272 3375 φιλο·

144 3391 253 3470 κερδείη
287 3393 473 3471 βεβλαμμένον
505 3391 589 3471 άνδρα
614 3393 759 3471 παρελθεῖν
790 3393 843 3469 (60
864 3394 963 3469 sqq.)⁶?
1003 3394 1150 3465 Quomodo
1175 3410 1272 3453 omnes

143 3490 197 3548 hae
213 3488 400 3550 difficultates
413 3492 557 3564 probabili
569 3492 654 3550 modo
669 3491 858 3565 explicantur,
879 3491 905 3550 si
918 3494 1050 3563 putamus
1071 3507 1186 3549 carmen
1200 3489 1272 3550 XVI

141 3590 208 3659 post
228 3585 315 3646 XVII
341 3603 404 3646 esse
430 3587 641 3660 compositumt>
674 3621 711 3630 -
743 3586 899 3646 Praeterea
918 3588 948 3645 in
972 3587 1136 3646 uuiversum
1160 3603 1272 3659 quoque

145 3684 223 3742 inter
244 3699 360 3742 carmen
375 3683 515 3744 decimum
536 3690 648 3744 sextum
670 3691 700 3744 et
719 3684 869 3758 septimum
889 3685 1010 3743 multum
1030 3684 1158 3744 intereat.
1200 3682 1272 3742 Cum

144 3781 219 3838 enim
240 3782 296 3839 hoc
315 3787 403 3854 poeta
424 3782 630 3856 conscriberet,
662 3798 778 3842 necesse
805 3787 851 3842 eat
870 3798 976 3856 ponere
997 3798 1061 3840 eum
1080 3781 1138 3840 iam
1157 3780 1272 3855 penitus

215 3999 237 4068 ¹)
256 3997 302 4054 Sic
320 3998 452 4068 traditum
472 3997 507 4054 cf.
525 3998 642 4054 Vahlen.
661 3998 679 4054 l.
698 3998 717 4054 l.
735 4015 763 4068 p.
782 4000 834 4055 827
853 3999 916 4055 adn,
935 4001 960 4054 2,
978 4031 1012 4040 ..

214 4088 238 4158 21
258 4086 317 4155 »De
335 4087 426 4156 poetis
445 4085 544 4143 Graec.
562 4086 679 4155 bucol.“,
699 4084 797 4142 Gissae
818 4089 893 4156 1844,
912 4105 941 4159 p.
959 4090 984 4143 7.
1004 4118 1036 4128 -
