2820 4688
673 417 892 479 ..ἳὸ-

209 604 348 677 prooemii
369 606 432 662 loco
447 606 574 677 praelusl
589 623 651 663 esse
666 610 794 678 possunt,
816 606 866 663 sed
881 622 935 663 vss.
955 605 1041 673 1-8,
1057 605 1082 662 si
1096 605 1213 675 quidem
1229 604 1342 663 omnino

210 702 357 760 exordium
379 718 506 759 seorsum
529 703 650 774 positum
674 709 704 760 et
724 719 742 759 a
763 702 947 774 mouentibus
968 703 1053 774 plane
1075 706 1261 773 segregatum
1286 707 1341 759 sta·

209 799 309 855 tuitur.
352 797 409 857 Sed
430 799 465 857 de
491 799 546 856 hac
571 816 603 857 rc
624 805 691 857 utut
711 800 936 871 disceptabitur,
964 800 1076 858 etiamsi
1097 816 1133 857 ne
1154 798 1343 856 Theocritum

209 895 323 966 quidem
339 896 402 966 quis
423 900 508 966 putat
522 897 655 953 similiter
677 902 762 968 atque
777 896 984 954 Callimachum
999 896 1147 954 exordium
1168 895 1343 965 distinxisse,

207 991 288 1049 velut
308 992 339 1048 in
360 1008 384 1050 e.
400 991 473 1048 XVI
495 1008 608 1063 quoque
623 997 688 1065 post
703 993 851 1051 exordium
867 993 974 1067 (1-4)
996 998 1060 1050 arte
1075 1009 1175 1050 versus
1190 998 1343 1062 sequentes

208 1088 341 1146 adiunxit
362 1089 406 1163 (ὃς
434 1088 472 1152 τίς
493 1088 542 1165 γὰρ
565 1135 572 1148 .
595 1133 602 1146 .
627 1089 660 1164 .),
693 1090 723 1147 id
753 1095 842 1147 antea
874 1089 1115 1147 demonstravisse
1146 1088 1219 1146 mihi
1244 1087 1343 1146 videor

208 1186 328 1242 multum
359 1185 389 1242 in
422 1185 548 1242 exordiis
575 1187 723 1257 utriusque
749 1185 883 1243 carminis
907 1185 984 1243 inter
1010 1202 1041 1242 se
1063 1185 1230 1257 discrepare
1252 1183 1342 1243 Calli·

208 1282 341 1339 machum
362 1287 392 1339 et
405 1282 604 1339 Theocritum:
626 1283 677 1340 ille
699 1282 830 1340 dicturus
851 1287 897 1340 est
915 1282 1016 1340 Iovem
1031 1298 1151 1354 eumque
1172 1283 1202 1340 in
1217 1281 1343 1340 Arcadia

208 1384 320 1443 uatum;
353 1379 401 1435 hie
421 1378 620 1436 Ptolemaeum
646 1379 846 1437 celebraturus
871 1379 946 1436 unde
971 1379 1002 1435 iu
1022 1384 1067 1436 tot
1093 1380 1180 1436 rebus
1202 1378 1342 1436 memoria

209 1475 301 1548 dignis
323 1476 471 1533 exordium
493 1474 584 1534 faciat
603 1481 753 1548 poetarum
775 1476 859 1534 modo
880 1477 1056 1534 nescientem
1077 1492 1108 1533 se
1128 1475 1222 1547 fingit.

288 1572 482 1631 Callimachus
509 1573 612 1630 deinde
633 1572 729 1630 verbis
750 1572 778 1629 ἐν
801 1571 831 1629 δέ
856 1594 886 1629 σε
908 1570 1047 1648 Παρρασίῃ
1066 1569 1143 1647 Ῥείη
1164 1571 1244 1630 τέκεν
1267 1571 1340 1645 (10).

208 1673 347 1740 utsupra
368 1670 502 1740 vidimus,
531 1676 630 1726 natum
652 1670 729 1727 lovis
751 1670 867 1740 eiusque
888 1668 1047 1740 primordia
1068 1667 1215 1739 explicare
1240 1667 1342 1739 incipit

207 1764 372 1836 doctiloque
399 1766 492 1837 magis
517 1782 602 1835 quam
624 1766 744 1837 poetice.
787 1766 853 1823 Dea
874 1766 979 1837 igitur,
1006 1769 1159 1837 postquam
1180 1764 1272 1822 filium
1293 1780 1341 1836 pe·

206 1862 283 1933 perit
298 1861 437 1937 (μεγάλων
460 1861 618 1938 ἀπεθήκατο
634 1861 744 1920 κόλπων
765 1879 806 1920 vs.
826 1864 874 1934 153
897 1860 931 1919 ef.
948 1863 975 1931 3,
987 1861 1049 1935 25),
1071 1877 1176 1931 aquam
1189 1861 1340 1932 quaesivit,

209 1954 234 2035 ᾧ
254 1980 286 2017 κε
307 1957 398 2017 τόκοιο
422 1957 528 2033 λύματα
549 1957 720 2036 χυτλώσαιτο
742 1958 796 2032 (16
812 1976 845 2029 sq
857 1958 884 2033 >;
906 1958 956 2016 sed
969 1959 1036 2030 quia
1055 1954 1174 2035 ἄβροχος
1194 1963 1261 2016 erat
1280 1963 1342 2016 tota

207 2055 349 2125 Arcadia,
376 2054 454 2113 fluvii
474 2056 620 2127 procreati
640 2062 708 2113 sunt
722 2056 818 2113 Rheae
834 2056 962 2127 numine,
984 2072 1058 2126 quae
1079 2061 1145 2127 post
1167 2055 1340 2128 descriptio-

207 2168 270 2210 nem
292 2151 437 2209 fluminum
460 2159 490 2211 et
510 2157 643 2210 uotorum
664 2157 696 2209 et
715 2168 771 2208 non
793 2159 926 2209 notorum
947 2169 965 2208 a
986 2157 1073 2223 poeta
1093 2151 1215 2223 fingitur
1234 2151 1340 2210 insulse

206 2249 362 2320 adloquens
376 2254 512 2306 montem:
534 2252 596 2322 γαῖα
617 2247 681 2325 φίλη
703 2249 766 2307 τέκε
788 2247 833 2307 καὶ
847 2246 888 2305 σύ·
909 2246 968 2305 τεαὶ
983 2246 1005 2304 δ’
1022 2249 1116 2310 ὠδῖνες
1136 2246 1255 2324 ἐλαφραί
1267 2247 1340 2323 (29).

206 2345 279 2402 Tum
301 2362 375 2416 aqua
396 2346 511 2419 copiose
533 2345 639 2403 fluente
660 2351 754 2403 mater
771 2345 850 2403 Iovis
870 2343 941 2423 χρόα
962 2342 1127 2421 φαιδρύνασα
1149 2377 1186 2385 -
1209 2344 1341 2423 σπείραντα

205 2442 257 2517 (32
279 2460 335 2513 sq.;
363 2442 444 2500 velut
463 2443 527 2513 ipsa
547 2442 639 2500 Delus
659 2442 753 2499 insula
772 2440 941 2513 Apollinem
968 2439 1048 2499 λοῦσέ
1067 2462 1098 2498 τε
1124 2439 1170 2500 καὶ
1191 2441 1338 2519 σπείρωσεε

206 2539 234 2608 4,
258 2538 301 2613 6).
343 2537 406 2610 Quo
427 2537 503 2596 facto
518 2538 655 2610 puerudus
676 2544 710 2596 ut
730 2539 759 2596 in
775 2538 891 2596 Cretam
906 2537 1077 2601 deferretur.
1099 2538 1200 2596 Nedae
1214 2539 1341 2597 traditus

206 2641 261 2693 est:
285 2633 455 2711 πρεσβυτάτῃ
470 2634 598 2712 νυμφέων
621 2634 650 2692 αἵ
669 2657 712 2710 μιν
733 2634 795 2693 τότε
815 2633 978 2710 μαιώσαντο,
992 2632 1138 2711 apericus]
1152 2639 1249 2712 γενεὴν
1271 2635 1341 2710 μετά

205 2753 235 2806 γε
256 2729 345 2806 Στύγα
365 2753 395 2788 τε
417 2730 537 2808 Caldone
557 2754 587 2789 τε
609 2732 660 2807 (35
683 2732 752 2804 sq.);
781 2733 823 2790 sic
843 2732 920 2789 enim
945 2748 1009 2790 cum
1030 2731 1178 2789 Meinekio
1201 2733 1340 2791 scribam:

206 2844 306 2885 earum
336 2829 540 2901 nympharum,
572 2845 646 2899 quae
679 2829 866 2886 obstetricum
896 2845 1014 2886 munere
1045 2829 1076 2886 in
1095 2828 1166 2887 Iove
1197 2831 1341 2902 pariendo

204 2923 406 2997 fungebantur,
428 2930 498 2981 natu
512 2926 639 2983 maxima
660 2930 733 2994 erat,
756 2925 857 2984 eadem
871 2931 936 2983 erat
956 2929 1054 2983 aetate
1068 2925 1170 2997 tertia,
1194 2927 1220 2984 si
1242 2942 1342 2985 omues

205 3022 347 3093 nymphae
368 3021 569 3093 respiciuntur.
612 3023 702 3093 Quam
724 3023 905 3094 sententiam,
928 3024 1058 3094 quamvis
1079 3023 1189 3094 frigida
1209 3024 1261 3087 sit.
1283 3040 1341 3096 ego

204 3135 261 3176 nou
293 3118 391 3175 dubito
417 3116 595 3176 Callimacho
627 3119 798 3188 concedere,
830 3120 879 3191 qui
904 3120 934 3176 in
966 3136 1075 3178 summa
1107 3119 1341 3198 βραχυσυλλαβίῃ,

204 3231 288 3285 quem
311 3215 373 3286 ipse
393 3215 542 3286 praedicat
564 3215 678 3288 (Epigr.
701 3217 728 3287 8,
753 3218 769 3273 6
792 3216 827 3274 dc
849 3216 995 3292 Wilam.),
1028 3233 1241 3288 nonnumquam
1262 3217 1342 3276 haud

204 3310 285 3368 abest
310 3328 328 3367 a
353 3312 517 3382 tautologia
543 3311 593 3384 (cl.
616 3311 704 3370 Mein.
727 3310 800 3370 Call.
827 3331 855 3386 p.
877 3314 945 3372 256.
971 3313 1049 3388 129).
1092 3314 1168 3371 Nam
1200 3314 1277 3386 quod
1304 3314 1342 3373 de

203 3407 451 3478 Wilamowitzius,
474 3408 519 3465 vir
533 3408 723 3476 doctissimus,
747 3408 952 3468 Schneiderum
973 3417 1088 3468 secutus
1109 3412 1199 3469 verba
1219 3413 1342 3487 πρεσβυ-

202 3503 271 3580 τάτῃ
298 3503 425 3581 νυμφέων
456 3505 604 3577 coniungit
634 3522 698 3562 cum
730 3504 851 3580 percipe
873 3504 962 3579 Στύγα
992 3527 1023 3563 τε
1044 3505 1165 3583 Φιλύρην
1190 3528 1221 3565 τε
1251 3512 1342 3578 atque

203 3617 276 3671 quae
297 3601 470 3673 interposita
484 3606 551 3658 sunt
571 3600 602 3658 αἵ
614 3623 657 3676 μιν
678 3600 740 3659 τότε
762 3601 915 3677 μαιώσαντο
930 3601 1068 3680 πρωτίστη
1089 3602 1168 3681 γενεή
1183 3605 1225 3662 sic
1246 3605 1342 3677 scrip-

203 3698 242 3754 sit
263 3697 445 3769 parenthesis
466 3696 543 3766 loco,
576 3714 691 3767 vereor,
717 3715 753 3757 nc
774 3700 829 3757 hac
848 3699 963 3758 ratione
983 3716 1041 3757 uon
1062 3701 1240 3772 emendetur,
1262 3701 1343 3771 quod

201 3799 290 3866 poeta
300 3794 362 3866 ipse
374 3795 518 3866 peccavit:
542 3810 616 3852 nunc
631 3795 707 3851 enim
718 3811 772 3867 pro
787 3796 951 3868 tautologia
961 3797 990 3853 in
1002 3797 1096 3855 verbis
1108 3795 1138 3854 αἵ
1149 3818 1193 3871 μιν
1207 3830 1245 3839 -
1257 3797 1342 3874 γενεή

202 3894 365 3948 structurae
397 3890 516 3949 durities
548 3892 675 3949 exoritur
705 3907 796 3964 paene
827 3893 984 3952 molestior.
992 3893 1015 3966 1)
1046 3926 1084 3935 —
1117 3892 1217 3952 lufaus
1248 3894 1343 3966 igitur

274 4039 296 4106 ¹)
305 4037 397 4093 Reicit
405 4038 477 4093 hanc
486 4039 747 4108 interpretationem
752 4039 877 4095 Hillerus
888 4056 1010 4112 quoque:
1022 4040 1341 4098 Deutscthitteratur-

202 4126 264 4181 zeit.
286 4129 353 4182 1883
372 4144 414 4182 nr.
435 4130 477 4182 14.
500 4158 534 4166 -
1229 4124 1232 4129 ⁴
