2820 4688
561 434 773 496 -.15-

105 626 233 698 scriptus
254 603 336 699 est³);
369 624 559 694 nequeenim
585 623 672 680 facile
704 623 853 681 credemus
884 623 974 681 multo
1000 627 1066 695 post
1087 623 1237 681 Gallorum

104 728 229 796 stragem
250 721 459 780 Callimachum
485 721 547 778 eius
578 721 751 778 mentionem
784 718 886 778 fecisse
912 720 994 791 quasi
1020 720 1090 777 iacti
1116 719 1237 776 alicuius

103 820 268 891 singularis,

184 914 255 972 Cum
277 914 369 985 igitur
389 912 486 970 iudico
508 929 638 984 carmen,
671 913 783 983 dequo
805 913 929 986 egimus,
962 911 1152 983 compositum
1176 927 1237 968 esse

105 1012 255 1069 interiit
278 1016 308 1068 et
323 1011 390 1078 264,
414 1009 540 1081 spatium
554 1024 612 1067 non
633 1014 692 1067 tam
714 1015 809 1066 artum
830 1023 914 1082 pono,
937 1024 1022 1080 quam
1043 1007 1140 1080 posuit
1159 1004 1237 1064 Cou-

104 1115 181 1170 atus‚
216 1122 279 1164 cum
310 1106 388 1162 inter
419 1121 446 1164 a.
468 1105 528 1162 274
553 1111 584 1162 et
605 1106 664 1164 272
690 1106 826 1177 hymnum
857 1105 1003 1163 conditum
1035 1120 1097 1162 esse
1128 1104 1237 1161 diceret

103 1201 146 1275 (p.
161 1204 236 1261 216:
261 1217 401 1274 „presque
422 1216 491 1258 avec
506 1202 691 1276 certitude“),
714 1218 806 1272 neque
828 1219 879 1273 ego
901 1201 1015 1272 quidem
1036 1200 1185 1273 acquiesco
1206 1199 1236 1256 in

104 1307 181 1357 certo
204 1315 288 1367 anno,
310 1298 389 1356 velut
409 1296 581 1370 Hempclius
603 1297 646 1372 (p.
670 1299 723 1373 91)
746 1315 787 1356 ca.
811 1315 839 1358 a.
862 1300 930 1368 271,
952 1298 1112 1355 Brinkcrus
1134 1294 1176 1370 (p.
1198 1297 1235 1354 69

104 1394 166 1452 adn.
193 1394 223 1467 1)
245 1410 288 1451 ca.
311 1411 337 1451 a.
361 1394 420 1451 272
434 1392 644 1452 Callimachum
665 1395 773 1452 Delum
795 1396 957 1453 celebrasse
978 1394 1092 1457 statuit.
1113 1392 1164 1451 sed
1186 1408 1237 1450 ca-

103 1491 226 1549 vendum
247 1506 332 1560 quam
353 1490 477 1547 maxime
493 1490 571 1561 duxi,
598 1507 635 1548 ne
649 1492 680 1547 in
699 1507 732 1548 re
753 1497 813 1548 tam
835 1491 948 1548 incerta
961 1492 1046 1547 nimis
1067 1495 1148 1547 certa
1161 1489 1236 1545 scire

102 1587 273 1645 videremur.
310 1586 445 1644 Ceterum
461 1586 537 1656 quod
557 1591 646 1658 poeta
658 1587 822 1659 praedicat:
845 1587 876 1643 in
889 1586 1052 1644 Ptolemaei
1064 1590 1235 1658 potestatem

102 1685 216 1741 venient
237 1681 379 1758 ἀμφοτέρῃ
402 1679 529 1756 μεσόγεια
551 1682 596 1741 καὶ
617 1681 646 1739 αἳ
665 1681 810 1756 πελάγεσσι
831 1680 966 1758 κάθηνται
980 1685 1038 1740 κτλ.
1062 1682 1134 1757 (168
1150 1681 1224 1757 sqq.)

100 1779 165 1837 iude
187 1779 261 1836 nihil
282 1777 415 1850 efficitur,
442 1778 517 1849 quod
539 1779 652 1850 quidem
672 1781 770 1836 valeat
789 1779 827 1836 ad
846 1784 959 1851 tempus
980 1780 1114 1838 carminis
1136 1780 1235 1837 termi-

100 1877 235 1948 nandum,
258 1876 327 1946 quia
348 1876 425 1932 omni
445 1877 524 1948 regis
545 1881 642 1934 aetate
663 1877 705 1934 sic
726 1876 851 1934 blandiri
872 1877 900 1933 ci
921 1876 1036 1934 licebat.

180 1973 310 2030 Duorum
336 1971 424 2043 igitur
444 1969 615 2030 Callimachi
645 1973 817 2043 hymnorum
848 1972 923 2029 alter
950 1976 1047 2029 aetate
1072 1972 1164 2028 maior
1189 1976 1234 2028 est

98 2068 230 2126 encomio
252 2066 440 2134 Theocritum
474 2067 550 2125 alter
571 2074 681 2140 autem,
704 2068 826 2141 hymnus
846 2068 963 2134 Delius,
986 2072 1084 2140 potest
1103 2067 1180 2134 fieri,
1202 2071 1235 2123 ut

95 2171 165 2236 post
195 2164 227 2221 id
259 2179 375 2221 carmen
406 2163 533 2234 scriptus
566 2162 640 2238 sit²).
693 2164 750 2221 Sed
781 2164 842 2221 sive
872 2165 1046 2222 Theocritus
1079 2169 1232 2235 utrumque
1328 2202 1331 2206 ›

95 2260 237 2333 hymnum
259 2259 402 2332 cognitum
421 2259 532 2331 habuit,
555 2261 615 2317 sive
637 2261 770 2326 alterum,
792 2260 955 2317 imitatione
970 2276 1035 2318 eum
1057 2261 1232 2332 expressisse

96 2355 151 2414 hos
166 2358 298 2431 hymnos,
321 2371 385 2412 cum
399 2355 539 2413 scriberet
553 2370 669 2413 carmen
690 2356 727 2412 ad
741 2355 901 2414 Ptolemaei
921 2356 1022 2413 laudes
1036 2355 1231 2425 celebrandas,

97 2453 200 2510 videor
220 2452 290 2509 mihi
311 2466 400 2522 supra
422 2466 479 2508 non
500 2451 597 2508 obiter
619 2455 731 2509 tantum
751 2452 943 2525 redarguisse.
964 2484 1002 2495 —

178 2547 286 2618 Quodsi
306 2563 518 2617 nonnumquam
543 2547 746 2606 similitudines
773 2549 849 2606 inter
875 2555 1026 2619 utrumque
1051 2555 1168 2622 poetam
1188 2551 1232 2607 in·

99 2645 265 2711 veniuntur,
288 2644 392 2701 mirum
414 2660 472 2701 non
492 2645 640 2702 videbitur
659 2646 808 2717 reputanti
830 2647 956 2704 eiusdem
980 2647 1086 2705 aetatis
1107 2647 1233 2705 moribus

100 2748 142 2812 et,
150 2741 375 2811 condicionibus,
398 2740 486 2797 simili
506 2756 554 2798 res
575 2741 714 2798 humanas
734 2742 905 2814 litterasque
927 2743 1097 2800 aestimandi
1117 2743 1232 2800 ratione

98 2836 187 2896 fuisse
209 2853 258 2893 ecs
277 2837 453 2894 coniunctos.
495 2835 586 2895 Velut
606 2838 721 2894 illorum
740 2843 901 2910 temporum
915 2843 1019 2909 poetae
1039 2844 1124 2896 vasta
1144 2854 1232 2909 opera

99 2934 185 2992 nimio
217 2933 322 2991 sudore
353 2933 447 2990 moliti
479 2938 509 2990 et
533 2951 551 2991 a
575 2932 752 2992 Callimacho
778 2934 821 3008 (2,
848 2936 903 2992 105
931 2950 991 3006 sqq.
1016 2934 1071 3006 Ep.
1095 2935 1126 3009 8)
1159 2942 1231 2992 cta

98 3029 252 3088 Theocrito
279 3029 320 3102 (7,
344 3030 381 3086 45
405 3029 482 3105 sqq.)
513 3031 754 3103 perstringuntur.
796 3030 909 3088 Deinde
941 3030 1017 3101 quod
1041 3030 1092 3088 ille
1117 3031 1231 3088 Musam

67 3157 72 3163 ·
99 3125 137 3183 sic
151 3125 294 3198 appellat:
318 3124 376 3182 εἰπὲ
396 3123 459 3194 θεά,
481 3125 512 3183 σὺ
533 3125 582 3200 μὲν
602 3123 694 3200 ἄμμιν,
718 3125 771 3199 ἐγὼ
793 3123 815 3182 δ’
831 3124 957 3203 ἑτέροισιν
979 3124 1061 3183 ἀείσω
1082 3126 1124 3201 (3,
1148 3127 1229 3202 186),

98 3221 126 3279 in
147 3228 272 3280 mentem
293 3223 455 3293 legentibus
477 3224 576 3281 venire
596 3227 718 3295 possunt
737 3223 809 3279 haec
830 3239 848 3278 a
870 3223 1024 3280 Theocrito
1046 3222 1138 3280 dicta:
1172 3222 1229 3281 εἰπὲ

98 3315 157 3391 θεά,
181 3318 212 3376 σὺ
233 3316 284 3394 γὰρ
306 3316 394 3390 οἶσθα,
417 3317 471 3391 ἐγὼ
493 3316 515 3376 δ’
538 3319 639 3396 ἑτέρων
658 3318 799 3395 ὑποφήτης
813 3316 971 3394 φθέγξομαι,
994 3316 1048 3375 6σέ
1071 3317 1174 3382 ἐθέλεις
1188 3317 1228 3393 ud,

99 3412 141 3471 καὶ
162 3413 258 3477 ὅππως
278 3436 319 3472 τοι
340 3413 418 3491 φίλον
433 3413 504 3492 αὐτῇ
525 3415 586 3489 (22,
612 3418 667 3474 116
683 3417 747 3489 sq).
784 3414 884 3474 Verba
898 3419 992 3472 autem
1015 3413 1069 3489 ἐγὼ
1091 3412 1113 3471 δ’
1128 3415 1229 3493 ἐτέρων

98 3507 176 3588 drop.
199 3512 304 3569 multos
326 3512 444 3569 criticos
472 3514 629 3581 vexabant;
661 3522 691 3570 et
715 3529 748 3570 rc
768 3528 846 3584 vcra,
881 3512 906 3570 si
933 3511 1046 3582 quidem
1068 3511 1230 3584 significant

98 3606 244 3667 Musarum
265 3608 311 3665 vel
333 3608 453 3666 dearum
474 3609 520 3665 vel
547 3608 664 3666 deorum
686 3609 888 3680 interpretem,
919 3613 985 3679 post
1010 3623 1096 3665 unam
1116 3607 1228 3666 Musam

97 3705 282 3776 appellatam,
303 3706 339 3762 de
361 3722 419 3777 qua
433 3707 496 3762 sola
510 3706 540 3761 iu
555 3712 693 3776 sequente
714 3720 826 3776 quoque
841 3719 926 3761 versu
946 3705 1036 3762 verba
1049 3701 1130 3774 fiunt,
1152 3705 1230 3762 haud

168 3939 188 4006 ι)
208 3937 268 3991 lam
286 3937 448 4008 Droysenus
472 3939 511 4007 (p.
531 3939 583 3993 306
602 3936 666 3991 adn.
687 3937 712 4006 1)
737 3937 863 4007 quamvis
887 3936 1048 3994 dubitanter
1070 3936 1227 4006 suspicatus

96 4027 156 4079 erat
174 4040 286 4078 carmen
305 4040 378 4080 anno
397 4024 455 4080 iere
475 4026 526 4080 265
547 4025 683 4094 scriptum
702 4040 773 4079 csse.
793 4055 826 4064 -

166 4113 188 4180 2)
208 4111 249 4167 Cf.
269 4112 304 4167 de
321 4111 507 4168 Wilamowitz.
543 4113 640 4180 Antig.
659 4129 683 4168 v.
703 4112 770 4168 Kar.
789 4130 816 4182 p.
837 4114 889 4168 220
909 4111 973 4169 adn.
992 4115 1036 4167 41.
1057 4142 1089 4150 -
