2820 4688
612 407 833 471 ..33-

151 595 241 673 λίρνη,
263 596 388 676 χρύσειον
408 595 430 654 δ’
451 595 572 674 ἐκόμησε
592 594 730 671 γενέθλιον
750 598 827 674 ἔρνος
847 595 946 673 ἐλαίης.
970 597 1066 675 χρυσῷ
1087 594 1109 654 δ’
1125 595 1286 676 ἐπλήρμορε

151 692 240 770 βαθὺς
258 691 371 756 Ἰνωιιὸς
386 690 504 771 ἑλιχθείς
518 693 592 768 (260
606 709 681 764 sqq.;
702 693 788 766 paulo
804 693 890 750 aliter
903 693 1033 766 Theogn.
1056 694 1072 752 8
1087 693 1173 769 sqq).
1206 694 1286 753 Idem

151 790 225 849 dicit
246 791 282 848 de
303 790 441 862 Apolline
462 795 546 848 nato:
579 788 594 846 ό
616 790 639 846 δ’
662 788 777 866 ἔκθορεν
798 788 898 865 (255),
926 789 1011 877 ⁸velut
1031 790 1063 847 in
1082 790 1190 862 hymno
1211 791 1286 853 hom.

150 886 271 960 legimus
297 889 328 946 ἔκ
356 885 378 943 δ’
404 885 485 963 ἔθορε
512 886 564 964 πρὸ
590 884 699 963 φόωσδε
730 886 815 960 (119;
849 885 887 946 cf.
909 888 942 954 3,
969 885 1030 960 20).
1077 885 1192 944 Ibidem
1224 904 1286 946 cum

150 983 270 1042 additur
290 982 353 1041 δεαὶ
374 981 396 1040 δ’
419 980 550 1048 ὀλόλυξαν
572 981 685 1054 ἅπασαι,
711 983 783 1041 haec
803 983 893 1039 verba
913 982 1038 1040 fortasse
1060 984 1190 1054 quamvis
1211 988 1286 1042 teoto

149 1080 239 1138 menti
266 1079 417 1138 Theocriti
449 1080 691 1148 obversabantur,
724 1095 789 1136 cum
814 1083 881 1151 post
907 1077 922 1135 ὁ
948 1076 979 1135 δὲ
997 1076 1078 1155 πατρὶ
1103 1077 1203 1161 ἐοικὼς
1226 1081 1287 1142 παῖς

149 1175 289 1252 ἀγαπητὸς
309 1177 400 1250 ἔγεντο
414 1180 548 1261 pergeret
562 1172 645 1238 Κόως
667 1172 689 1230 δ’
704 1172 832 1239 ὀλόλυξεν
854 1173 940 1232 ἰδοῖσα
961 1174 1012 1250 (63
1027 1190 1081 1247 sq.;
1102 1175 1141 1235 cf.
1155 1191 1231 1246 quae
1252 1176 1286 1233 do

148 1290 192 1333 vs.
209 1275 246 1331 74
259 1272 353 1331 αἰδοῖοι
367 1275 501 1350 βασιλῆες,
516 1272 531 1328 ὁ
546 1273 569 1328 δ’
586 1268 682 1350 ἔξοχος
695 1274 754 1331 κτλ.
767 1287 854 1343 snpra
867 1288 895 1343 p.
912 1272 949 1328 33
965 1273 1097 1343 exposui3
1112 1289 1178 1331 cum
1191 1273 1285 1331 verbis

149 1369 298 1428 Theocriti
324 1368 416 1427 Δᾶλον
442 1367 568 1443 ἐτίμασεν
595 1371 652 1427 κτλ.
684 1367 747 1443 [67]
781 1366 816 1425 cf.
843 1368 932 1425 etiam
958 1369 1055 1442 hymn.
1083 1369 1159 1426 hom.
1184 1372 1210 1439 l,
1234 1370 1283 1428 88:

148 1465 215 1523 τίσει
236 1465 266 1523 δέ
288 1464 317 1523 σί
338 1463 359 1539 γ’
382 1463 465 1543 ἔξοχα
490 1464 625 1540 πάντων).
667 1464 756 1538 Apud
779 1464 965 1522 Theocritum
990 1465 1080 1537 igitur
1105 1466 1168 1523 sola
1192 1465 1286 1523 insula

148 1563 256 1636 gaudio
278 1563 419 1629 exsultat3
441 1563 519 1634 apud
538 1561 745 1621 Callimachum
767 1559 868 1638 νύμφαι
888 1557 1024 1637 Δηλιάδες
1047 1593 1083 1603 -
1106 1558 1183 1618 εἶπαν
1195 1558 1286 1619 Ἐλει-

147 1657 230 1737 δοίης
250 1659 322 1737 ἱερὸν
344 1658 427 1734 μέλος
449 1658 522 1734 (256
545 1659 618 1734 sq.);
640 1659 717 1731 apud
738 1659 818 1715 illum
836 1656 893 1716 Oos
914 1657 1034 1730 fingitur
1054 1673 1141 1728 quam
1161 1658 1286 1715 maxime

148 1757 263 1828 poetice
285 1754 482 1830 καθαπτομένσι
508 1754 622 1832 βρέφεος
646 1753 764 1833 χείρεσσι
788 1752 894 1831 φίλῃσιν
925 1754 1004 1829 (65),
1037 1754 1113 1826 apud
1144 1755 1220 1812 hunc
1251 1753 1286 1812 de

147 1853 225 1910 Delo
247 1853 378 1926 legimus:
407 1851 475 1928 durh
503 1851 533 1909 δὲ
553 1848 681 1930 χρυσέοιο
702 1850 745 1909 ἀπ’
768 1848 863 1915 οὔδεος
885 1850 956 1910 ellico
979 1853 1069 1924 παῖδα,
1092 1849 1120 1908 ἐν
1142 1847 1164 1908 δ’
1187 1847 1285 1927 ἔβοίλεο

148 1947 286 2007 κόλποισιν
307 1949 379 2022 (264
401 1951 468 2025 sq.).

231 2045 336 2103 Elucet
362 2046 436 2116 iam,
469 2062 554 2117 quam
584 2046 695 2103 diverse
732 2046 805 2103 haec
836 2046 931 2102 omnia
961 2061 991 2102 se
1022 2045 1162 2117 habeant,
1201 2062 1285 2117 quam

149 2142 264 2200 diversa
285 2143 430 2200 scribendi
461 2143 538 2200 ratio
563 2141 651 2200 fuerit
676 2143 705 2198 iu
729 2146 851 2213 utroque
882 2147 982 2213 poeta,
1015 2142 1128 2199 ratione
1162 2141 1284 2213 denique

148 2253 235 2308 quam
255 2238 368 2297 lubrica
388 2239 544 2297 imitatoris
558 2239 728 2297 Callimachi
749 2239 878 2296 imitator
899 2243 1045 2296 statuatur
1065 2239 1099 2305 is,
1122 2239 1172 2309 qui
1186 2237 1282 2296 Grac·

149 2351 250 2392 corum
271 2340 421 2406 poetarum
443 2336 560 2393 minime
575 2335 707 2407 optimae,
730 2340 761 2392 at
773 2335 938 2407 aequalium
952 2341 1031 2394 certe
1045 2334 1135 2392 fucrit
1154 2335 1284 2406 iugenio·

148 2431 276 2489 sissimus
307 2448 342 2489 ac
377 2432 611 2503 simplicissimus.
668 2433 743 2490 Nam
779 2432 873 2503 qualis
897 2432 946 2490 hic
981 2437 1026 2490 est
1056 2431 1200 2504 imitator,
1236 2431 1284 2503 qui

148 2543 263 2599 semper
293 2527 384 2600 magis
413 2529 529 2600 poetica
553 2533 583 2586 et
603 2528 799 2599 praeclariora
830 2529 1025 2601 composuerit
1044 2544 1131 2599 qnam
1152 2545 1188 2586 ea
1208 2532 1281 2598 sunt,

149 2639 223 2694 quae
248 2623 378 2681 imitatus
400 2640 461 2681 esse
488 2624 614 2682 dicitur?
654 2623 757 2682 Potius
782 2625 1011 2696 exspectaverim
1035 2625 1214 2682 imitatorem
1244 2625 1284 2681 in·

148 2718 286 2777 leuiorem
307 2736 369 2777 esse
395 2720 536 2793 exemplis
557 2721 727 2802 propositis,
759 2721 789 2779 id
817 2721 892 2792 quod
914 2720 1058 2778 affirmare
1079 2724 1203 2793 possunt
1223 2737 1239 2778 e
1261 2736 1284 2778 c.

148 2816 224 2873 Bion
248 2820 277 2874 et
298 2814 433 2873 Moschus
454 2816 639 2874 Theocritum
660 2817 775 2874 imitati.
791 2850 829 2858 -

229 2912 292 2970 Iam
324 2913 455 2983 quaestio
488 2914 580 2970 oritur
612 2913 646 2970 de
677 2913 855 2986 temporibus
888 2913 1060 2983 carminum,
1096 2927 1170 2983 quae
1201 2911 1285 2969 modo

150 3008 284 3066 tractavi.
308 3040 346 3049 —
368 3010 463 3079 Atque
485 3009 645 3066 encomium
665 3007 879 3081 Theocriteum,
913 3015 947 3067 ut
973 3025 1062 3081 supra
1086 3007 1286 3066 demonstrare

150 3105 261 3174 studui,
283 3104 333 3161 vix
355 3109 422 3162 ante
444 3122 469 3163 a.
493 3106 566 3170 270,
626 3111 672 3163 rte
694 3122 751 3163 non
770 3106 861 3163 multo
882 3112 960 3178 post,
994 3103 1192 3163 verisimiliter
1212 3102 1287 3161 inter

149 3202 206 3259 270
232 3207 262 3259 et
284 3201 342 3259 266
367 3202 504 3273 scriptum
525 3208 577 3260 est.
593 3122 791 3285 elue-hymno
813 3205 910 3259 autem
926 3200 1122 3271 Callimacheo
1143 3201 1174 3257 in
1188 3200 1287 3258 Iovem

85 3300 89 3313 ’
147 3296 227 3355 facto
251 3298 319 3369 quid
341 3315 442 3357 eruere
460 3286 613 3370 possimus,
632 3280 707 3356 nuuc
727 3296 896 3357 videbimus.
927 3292 1011 3355 'Eius
1031 3296 1122 3355 verba
1142 3282 1195 3371 (58
1217 3295 1289 3368 sq.):'
1324 3318 1327 3323 ·

363 3396 403 3471 τῷ
423 3416 464 3452 τοι
485 3393 530 3453 καὶ
551 3394 647 3470 γνωτοὶ
668 3391 882 3471 προτερηγενέες
902 3415 953 3470 περ
975 3392 1065 3456 ἐόντες

364 3490 478 3568 οόρανδν
500 3490 550 3550 οὖν
572 3489 709 3569 ἐμέγηραν
730 3493 802 3570 ἔχειν
824 3490 966 3549 ἐπιδαίσιον
989 3488 1063 3549 οἶκον

148 3587 332 3658 aliquomodo
359 3588 396 3644 ad
418 3587 639 3660 Philadelphum
666 3593 799 3660 spectare
825 3604 922 3646 omnes
948 3586 1009 3644 fere
1040 3591 1205 3656 senserunt,
1238 3587 1286 3658 qni

149 3684 285 3741 carminis
317 3688 430 3756 tempus
461 3683 645 3742 definiebant.
700 3683 761 3742 Our
792 3684 867 3741 enim
900 3683 1094 3741 Callimachus
1125 3682 1226 3741 multis
1256 3689 1287 3740 ct

149 3782 295 3853 expressis
310 3781 405 3838 verbis
426 3797 445 3838 a
458 3783 572 3853 vulgari
586 3781 663 3839 fama
679 3781 826 3839 discedens
841 3778 1032 3838 affirmaverit
1055 3780 1152 3837 Iovem
1167 3778 1286 3837 deorum

147 3892 271 3948 reguum
297 3893 354 3934 non
379 3885 458 3936 sorte
484 3878 642 3950 accepisse,
675 3878 727 3936 sed
753 3894 804 3935 suo
832 3877 924 3949 ipsius
955 3875 1073 3948 robore,
1106 3874 1192 3932 rebus
1217 3890 1287 3933 ase

148 3971 269 4030 fortiter
288 3973 386 4043 gestis,
409 3973 466 4031 nisi
487 3978 566 4031 certo
582 3973 702 4031 consilio
723 3973 753 4030 id
774 3972 888 4042 fecerit,
911 3971 1045 4044 intellegi
1065 3971 1174 4042 nequit,
1197 3987 1286 4045 prae-

148 4068 250 4126 sertim
273 4084 336 4125 cum
357 4069 432 4127 idem
453 4069 483 4126 iu
510 4070 568 4127 alio
595 4071 733 4142 carmine,
766 4068 890 4127 fortasse
914 4067 1072 4136 indutiis,
1104 4068 1176 4127 illud
1202 4085 1285 4127 mcu-
