2820 4688
601 408 821 471 ..31-

135 604 232 664 terea,
266 597 343 669 quod
364 597 474 656 nullum
499 613 588 670 genus
610 597 733 656 divinius
759 602 803 655 est
825 615 910 669 quam
935 614 1046 670 regum.
1088 599 1191 657 Potius
1211 601 1274 658 ricc

138 711 224 755 versa
245 694 399 754 dicendum
420 698 498 751 erat:
520 694 631 751 nullum
651 710 742 766 genus
756 694 881 752 divinius
904 701 947 753 est
961 711 1046 766 quam
1067 712 1168 768 regum
1189 713 1273 769 prop-

136 797 225 864 terea,
260 791 337 864 quod
367 807 448 864 reges
480 791 557 848 Iovis
582 796 656 848 sunt.
699 790 821 849 Omnino
847 791 980 862 equidem
1004 792 1064 849 tale
1090 793 1198 864 aliquid
1223 809 1273 851 611-

135 889 342 961 spectaverim:
376 892 526 946 cantamus
551 885 649 945 fabros
670 886 809 957 Vulcani,
840 888 947 946 milites
968 888 1088 960 Martis,
1120 894 1273 948 venatores

135 984 262 1056 Dianae,
295 989 396 1056 poetas
427 985 585 1056 Apollinis;
619 985 696 1043 Iovis
717 989 812 1042 autem
837 990 905 1042 sunt
925 1001 1014 1057 reges,
1048 986 1115 1056 quia
1140 986 1214 1043 nihil
1235 1018 1271 1028 —

136 1081 203 1154 quid
223 1080 365 1140 tandem?
386 1112 424 1122 —
445 1080 511 1140 Iovi
529 1081 652 1139 similius
673 1086 718 1139 est
732 1097 817 1152 quam
836 1097 919 1152 reges
934 1080 980 1138 vel
1000 1081 1069 1152 quia
1089 1081 1162 1139 nihil
1176 1083 1273 1140 Iovem

135 1180 177 1237 ita
197 1178 284 1237 decet
303 1183 337 1235 ut
349 1194 454 1250 regum
474 1194 575 1249 genus.
618 1178 703 1236 Haec
724 1177 852 1236 muneris
866 1178 1023 1236 similitudo
1044 1182 1197 1248 causaest,
1222 1195 1273 1236 cur

135 1275 268 1348 Iuppiter
293 1290 375 1332 suam
396 1271 469 1339 λάξιν
490 1273 555 1348 (80)
578 1275 696 1346 regibus
717 1274 828 1331 tribuit.
869 1274 973 1344 ltaque
994 1276 1160 1347 negaverim
1182 1276 1273 1333 verba
1331 1277 1332 1280 ’

137 1370 193 1430 ἐπεὶ
218 1369 284 1434 Διὸς
311 1368 389 1428 οὐδὲν
422 1367 548 1429 ἀνάκτων
579 1376 717 1444 corrupta
748 1385 830 1440 csse,
861 1376 891 1428 et
921 1371 1035 1429 videtur
1066 1372 1137 1429 mihi
1167 1377 1218 1429 aut
1242 1373 1272 1429 in

136 1467 274 1544 θειότερον
296 1467 464 1541 6611611616
477 1467 570 1526 161616
591 1473 644 1526 aut
657 1474 725 1526 aute
740 1468 793 1525 hoc
807 1467 977 1524 vocabulum
1003 1483 1103 1526 versus
1120 1468 1270 1537 excidisse,

135 1565 189 1623 etsi
221 1564 306 1623 doleo
337 1564 494 1623 restituere
526 1580 572 1622 me
602 1580 659 1621 non
690 1579 788 1635 posse,
824 1563 897 1634 quod
929 1580 1027 1622 omnes
1057 1565 1272 1636 probabilitatis

134 1676 268 1718 numeros
288 1660 320 1718 in
340 1678 371 1719 se
392 1662 508 1720 habeat.
551 1661 653 1718 Manat
673 1661 764 1731 igitur
790 1659 899 1731 aliquid
920 1660 1001 1717 dubii
1025 1660 1172 1719 11661666.
1215 1660 1272 1720 06·-

134 1762 226 1816 terum
246 1757 279 1815 in
298 1772 370 1816 voce
394 1759 523 1831 repetita
544 1757 609 1821 Διὸς
630 1757 821 1815 Schneiderus
841 1773 898 1814 non
929 1757 1028 1814 debuit
1054 1755 1160 1815 offendi
1186 1775 1271 1830 prop-

135 1859 228 1928 terea,
251 1854 342 1925 quod,
367 1871 450 1923 „cum
470 1855 577 1926 ubique
598 1862 686 1926 poeta
707 1855 807 1912 Iovem
828 1854 1008 1924 alloquatur“
1033 1853 1072 1928 (p.
1099 1854 1184 1929 159),
1207 1871 1270 1912 eam

137 1950 228 2024 legem
255 1949 311 2008 hoc
342 1950 406 2009 1666
438 1950 495 2008 fiat
524 1968 580 2009 non
613 1956 726 2008 tenens:
760 1950 805 2008 cui
836 1949 999 2007 sententiae
1029 1957 1176 2022 repugnat
1206 1967 1271 2008 eum

139 2064 238 2107 versus
261 2048 314 2107 93:
345 2045 385 2110 τίς
406 2069 453 2107 κεν
475 2045 541 2111 Διὸς
561 2045 668 2124 ἔργματ’
691 2045 784 2116 ἀείδοι,
807 2053 867 2104 tum
888 2045 1080 2105 Schneiderus
1100 2049 1174 2121 ipse,
1207 2064 1271 2105 cum

138 2160 163 2215 p.
184 2147 244 2204 319
272 2143 360 2202 verba
385 2144 425 2207 ὥς
446 2144 500 2219 ἐγὼ
522 2143 666 2203 Ἀπόλλων
695 2144 860 2202 coniciendo
891 2148 1035 2217 temptata
1060 2143 1102 2218 (4,
1126 2143 1197 2219 273)
1223 2148 1270 2203 1·

138 2248 219 2299 eatur
239 2246 322 2300 ratus
342 2257 427 2315 posse
449 2243 485 2300 ab
506 2241 688 2300 invocatione
709 2241 747 2299 ad
768 2242 961 2298 narrationem
982 2241 1107 2299 transiri.

214 2337 344 2410 Regibru
364 2337 456 2410 igitur
477 2339 606 2410 Iuppiter
632 2353 724 2409 regna
745 2337 888 2395 commisit
909 2337 1043 2408 deditque
1069 2338 1111 2395 eis
1132 2339 1204 2396 satis
1225 2339 1269 2396 di-

137 2435 284 2504 vitiarum,
310 2434 383 2492 satis
404 2434 598 2504 fortunarum3
632 2440 664 2493 at
684 2451 741 2491 non
763 2433 894 2491 omnibus
916 2434 1019 2491 tribuit
1039 2435 1162 2505 pariter,
1197 2435 1268 2492 ἐὀικε

138 2530 163 2588 δὲ
196 2529 387 2607 τεκμήρασθαι
421 2529 549 2607 ἡμετέρῳ
585 2529 844 2607 μεδέοντι·περιπρὸ
878 2529 928 2606 γὰρ
964 2528 1027 2606 εὐρὺ
1062 2528 1190 2606 βέβηκενε
1222 2532 1270 2590 bie

138 2626 342 2694 Schneiderus‚
374 2624 915 2703 ρο61611611161ρ1βέβηκινΜ611161116
943 2628 1116 2696 „insolenter
1142 2628 1266 2686 dictum“

137 2724 225 2783 1166111
247 2728 305 2794 661,
337 2723 497 2782 mutatione
517 2723 657 2781 facillima
678 2724 795 2794 scripsit
822 2721 888 2780 6191
910 2723 993 2795 eique
1015 2722 1170 2781 Richtcrus
1192 2723 1224 2796 (l.
1248 2725 1266 2780 1.

136 2835 159 2891 p.
182 2824 199 2878 5
222 2821 279 2894 sq.)
300 2821 454 2894 applausit.
496 2821 536 2877 At
561 2820 592 2877 iu
619 2821 677 2877 illis
706 2821 801 2878 verbis
831 2837 924 2891 neque
955 2820 1114 2891 tautologia
1139 2821 1268 2878 mutandi

136 2933 233 2975 ansam
253 2919 387 2990 praebet,
421 2918 488 2989 quia
509 2922 539 2974 et
559 2916 673 2993 περιπρὸ
699 2917 729 2972 vi
750 2921 901 2974 attenuata
926 2933 989 2974 cum
1012 2914 1125 2992 βέβηκεν
1152 2918 1267 2975 coniun-

136 3013 222 3085 gitur,
245 3019 280 3070 ut
300 3015 339 3072 sit
361 3013 424 3090 εὐρὺ
446 3013 623 3091 προβέβηκεν,
648 3020 678 3072 et
692 3015 779 3072 simili
801 3015 933 3072 ubertate
953 3015 1082 3084 loquitur
1096 3015 1266 3086 Apollonius

136 3109 262 3169 Rhodius
289 3113 316 3181 2,
340 3112 398 3170 869
424 3128 478 3182 sq.:
512 3111 625 3188 περιπρὸ
657 3111 707 3187 γὰρ
734 3108 763 3168 εὖ
790 3109 921 3169 ἐκέκαστο
946 3109 1044 3168 ἰθύνειν
1071 3116 1101 3168 et
1126 3112 1185 3168 904
1210 3128 1265 3183 sq.:

137 3207 219 3265 πουλὺ
235 3207 258 3264 δ’
274 3206 368 3284 ἐπιπρὸ
382 3207 481 3282 τέμνον
500 3207 584 3265 πλόον
605 3209 655 3282 (cf.
678 3209 808 3278 61161114,
833 3208 909 3265 1388
925 3207 995 3282 sq.),
1016 3223 1108 3279 neque
1129 3206 1193 3284 εὐρὺ
1213 3224 1266 3280 pro

137 3303 238 3380 μακρόν
260 3304 307 3362 vel
329 3303 398 3379 μέγα
419 3304 527 3362 dictum
541 3305 680 3376 exemplis
703 3310 794 3362 caret:
817 3305 880 3375 ipse
896 3304 1089 3362 Callimachus
1110 3304 1182 3362 dicit
1201 3302 1266 3367 θεὸς

135 3397 301 3476 εὐρυάναοσα
325 3400 367 3475 (6,
392 3401 462 3475 121)
489 3406 519 3458 61
544 3399 652 3476 νησαίων
674 3399 804 3476 εὐρειάων
830 3401 872 3476 (4,
895 3400 962 3474 66);
995 3399 1030 3458 cf.
1058 3401 1085 3470 3,
1107 3400 1175 3459 242.
1197 3402 1264 3460 248.

134 3496 216 3555 Hom.
241 3494 360 3572 εὐρύοπα
382 3494 464 3567 Ζεύς,
493 3493 656 3574 εὐρυκρείων
676 3493 875 3572 Ἀγαμέμνωνς
907 3496 931 3554 Α
954 3497 1024 3554 2291
1052 3497 1165 3573 στρατὸν
1187 3495 1265 3574 εὐρύν

135 3591 168 3667 (Δ
190 3594 227 3652 76
250 3592 333 3667 616.);
361 3614 379 3650 α
400 3594 471 3651 344:
494 3593 542 3650 τοῦ
564 3589 646 3655 κλέος
668 3591 731 3668 εὐρὺ
760 3591 822 3651 καθ’
841 3589 965 3651 Ἑλλάδα
991 3597 1064 3657 κτλς
1089 3592 1167 3652 Plan.
1188 3595 1266 3666 apud

137 3690 217 3764 Diog.
240 3689 342 3749 Laert.
365 3691 393 3759 3,
416 3691 468 3747 30:
502 3687 606 3766 εὐρείας
632 3689 751 3757 ἐλπίδας,
784 3695 838 3748 616.
881 3691 975 3761 Quare
1000 3695 1079 3749 recte
1105 3690 1139 3748 de
1166 3689 1264 3748 Wila·

135 3787 293 3846 mowitzius
312 3786 343 3844 in
365 3786 489 3845 editione
511 3804 563 3845 sua
585 3785 648 3864 εὐρὺ
670 3789 806 3846 servavit.

208 3885 276 3944 Rex
296 3883 387 3955 igitur
407 3883 471 3951 aliis
492 3883 614 3956 multum
635 3888 780 3955 praestat;
803 3884 942 3954 quomodo
963 3882 1107 3941 autemid
1129 3881 1263 3955 11611116-

134 3980 233 4053 tuerit,
266 3984 412 4050 tamquam
437 3981 567 4052 exemplo
595 3980 809 4038 demonstratur
835 3979 964 4037 versibus
988 3979 1033 4037 his
1054 3978 1261 4051 frigidissimis:

137 4072 255 4153 ἑσπέριος
280 4074 368 4138 κεῖνός
393 4097 423 4150 γε
450 4078 525 4134 τελεῖ
552 4074 586 4134 τοί
612 4098 659 4135 κεν
689 4074 733 4153 ἦρι
757 4072 987 4154 νοήσῃ·ἑσπέριος
1011 4074 1045 4134 τὰ
1076 4067 1200 4151 μέγὶστα,
1231 4074 1265 4133 τὰ
