2820 4688
637 427 856 490 ..48-

184 624 269 684 esset,
291 634 382 689 nequo
402 635 466 676 cum
480 620 594 675 Aurora
615 617 652 675 ad
673 619 784 675 caelum
798 617 969 676 ascenderet
988 634 1081 689 neque
1101 635 1236 692 vespere:
1257 615 1317 676 αὔθ’

184 713 259 774 ‘iada'
282 714 421 792 ὄρτάλιχοι
441 715 546 791 μινυροὶ
565 714 627 772 ποτὶ
645 716 735 772 κοῖτον
757 715 844 791 ὁρῷεν
863 712 1022 789 σεισαμένας
1042 715 1129 792 πτερὰ
1150 714 1253 792 ματρὸς
1274 712 1319 771 ἐπ’

184 811 336 870 αἰθαλόεντι
356 811 480 890 πετεὺρῳ
502 814 553 888 (12
574 815 640 888 sq.).
683 813 797 871 Deinde
825 812 1018 871 Callimachus
1048 814 1084 871 ab
1109 813 1246 885 Apolline
1276 811 1318 870 sic

185 909 256 966 iecit
276 916 440 981 serpentem
455 909 610 984 Pythicum
624 912 838 983 interemptum:
860 909 906 966 τὸν
929 908 978 983 μὲν
999 909 1031 967 σὺ
1051 908 1210 985 κατήναρες,
1234 904 1316 966 ἄλλον

186 1004 229 1062 ἐπ’
252 1002 327 1081 ἄλλῳ
349 1005 457 1081 βάλλων
479 1007 553 1066 ὠκὺν
574 1006 661 1065 ὀϊστόν
681 1007 793 1082 (2101
818 1007 883 1081 sq.).
924 1007 966 1066 Ut
986 1007 1033 1064 bic
1055 1005 1127 1069 αἰνὸς
1148 1003 1208 1082 ὄφις
1228 1005 1318 1063 inter·

183 1100 293 1172 ficitur,
325 1103 368 1159 ita
395 1102 530 1161 similiter
550 1104 625 1175 apud
646 1104 833 1162 Theocritum
860 1102 896 1160 ab
917 1102 1043 1161 Hercule
1064 1102 1183 1174 sagittis
1207 1101 1319 1173 petitur

186 1200 224 1261 λῖς
245 1196 317 1261 αἰνός
337 1200 398 1272 (25,
415 1200 495 1271 227).
537 1198 668 1270 Uterque
682 1201 782 1273 igitur,
804 1205 834 1257 et
846 1199 954 1270 Apollo
980 1205 1010 1256 et
1028 1198 1177 1269 Hercules,
1198 1197 1320 1268 lingitur

185 1296 307 1366 sagittas
327 1296 415 1352 semel
435 1295 500 1367 plus
520 1297 549 1352 in
569 1301 728 1354 monstrum
741 1295 862 1360 misisse,
885 1295 940 1353 etsi
961 1295 1039 1367 apud
1052 1293 1241 1353 Theocritum
1262 1309 1319 1351 non

187 1391 287 1461 paucis
317 1392 414 1449 verbis
439 1392 489 1450 sed
511 1394 728 1451 accuratissima
754 1393 932 1463 singulorum
958 1391 1152 1464 descriptione
1173 1390 1318 1449 Hercules

184 1503 245 1544 rem
260 1503 278 1543 a
292 1503 323 1545 se
343 1493 456 1560 gestam
478 1494 608 1557 enarrat3
630 1494 783 1561 praeterea
797 1490 851 1546 hoc
865 1489 1039 1547 discriminis
1052 1488 1216 1558 intercedit,
1239 1487 1315 1559 quod

186 1583 326 1640 Hercules
345 1584 459 1641 heluam
479 1600 536 1642 non
557 1590 590 1642 ut
603 1584 711 1658 Apollo
732 1585 801 1642 solis
815 1585 929 1657 sagittis
943 1584 1056 1652 occidit,
1077 1584 1129 1642 sed
1149 1585 1195 1643 his
1208 1584 1319 1642 frustra

186 1696 304 1752 operam
324 1681 442 1739 molitus
467 1682 550 1739 clava
570 1682 684 1740 demum
711 1685 921 1740 exanimantem
942 1681 1042 1739 efficit.
1084 1680 1182 1754 Quare
1207 1682 1233 1740 si
1253 1682 1318 1752 quis

186 1777 216 1833 in
241 1777 287 1833 his
313 1777 384 1834 locis
409 1777 533 1834 alterum
552 1783 669 1849 poetam
691 1778 727 1836 ab
755 1779 846 1836 altero
868 1779 994 1851 pendere
1015 1778 1174 1851 putaverit,
1207 1777 1318 1836 maiore

185 1873 248 1930 iure
263 1872 455 1931 Callimachus
476 1874 604 1933 imitator
625 1880 781 1943 statuetnr3
810 1891 982 1946 quamquam
1002 1891 1038 1931 ne
1058 1875 1089 1932 id
1108 1874 1225 1945 quidem
1246 1890 1318 1948 opus

190 1974 242 2040 est,
265 1971 398 2040 quoniam
419 1970 455 2028 ab
478 1972 539 2028 eius
560 1972 674 2043 ingenio
695 1973 770 2029 mira
783 1973 856 2029 haec
876 1973 911 2030 de
933 1972 986 2030 deo
1007 1972 1165 2029 immortali
1184 1972 1317 2030 narratio

186 2080 243 2121 non
274 2065 424 2134 ahhorret3
457 2067 614 2139 simplicius
646 2069 721 2125 enim
753 2073 782 2126 et
814 2069 860 2126 dei
891 2074 1012 2126 naturae
1033 2068 1128 2140 aptius
1153 2068 1185 2125 in
1210 2069 1316 2142 hymno

185 2161 260 2218 honr.
283 2178 339 2218 uno
361 2163 421 2218 ictu
442 2163 529 2220 draco
550 2168 671 2221 necatur
692 2162 734 2237 (2,
753 2165 809 2222 179
831 2163 895 2235 sq.).

267 2256 325 2316 Sed
346 2274 524 2331 quaeramus,
547 2276 615 2316 num
636 2259 711 2317 forte
733 2260 794 2316 alia
815 2265 931 2317 exstent
950 2259 1076 2331 vestigia
1097 2260 1317 2319 necessitudinis

185 2354 263 2411 inter
293 2360 446 2425 utrumque
477 2362 593 2428 poetam
624 2356 839 2413 intercedentis.
891 2357 987 2426 Atque
1019 2354 1216 2414 Callimachus
1252 2373 1316 2415 cum

186 2451 274 2522 epigr.
289 2451 328 2509 46
350 2451 465 2509 scribit:
488 2452 527 2515 ὥς
548 2450 652 2526 ἀγαθὰν
673 2450 840 2528 Πολύφαμος
861 2450 988 2528 ἀνεύρετο
1009 2451 1057 2510 τὰν
1077 2451 1205 2510 ἐπαοιδὰν
1225 2453 1320 2530 adpu-

186 2547 274 2623 μένῳ·
297 2547 339 2604 ναὶ
359 2551 407 2621 γᾶν
428 2546 479 2606 οὐκ
493 2546 604 2623 ἀμαθὴς
625 2547 639 2604 ὁ
661 2545 794 2624 Κύκλωψ.
823 2548 849 2605 αἱ
864 2545 963 2606 Μοῖσαι
982 2548 1028 2606 τὸν
1050 2550 1139 2625 ἔρωτα
1160 2548 1319 2628 κατισχναί-

186 2661 256 2701 νοντι
277 2642 406 2701 Φίλιππε·
433 2642 451 2719 ἦ
473 2642 593 2705 πανακὲς
613 2641 722 2700 πάντων
747 2641 894 2720 φάρμακον
915 2644 933 2701 ἁ
954 2643 1042 2721 σοφία,
1063 2651 1160 2717 potest
1179 2644 1258 2715 fieri,
1283 2652 1317 2703 ut

185 2740 334 2798 Theocriti
356 2752 470 2797 carmen
485 2739 529 2797 XI
550 2744 701 2797 venustate
722 2740 906 2812 praeclarum
919 2741 1053 2814 tetigerit
1074 2741 1127 2816 (ef.
1141 2742 1319 2802 Fritzsch.l

186 2854 212 2908 p.
236 2837 307 2900 342;
333 2837 406 2894 Hill.
429 2836 466 2893 ad
486 2852 528 2894 vs.
554 2836 616 2911 17);
642 2852 814 2907 quamquam
834 2842 944 2894 certum
965 2837 1020 2895 hoc
1041 2854 1097 2895 non
1123 2844 1184 2908 est,
1211 2839 1318 2910 quiae

185 2932 345 2990 Philoxeno
376 2947 487 3002 quoque
519 2930 596 2989 idem
627 2937 828 3003 argumentum
859 2937 1016 2991 tractatum
1041 2950 1103 2992 esse
1125 2940 1239 2993 constet
1263 2933 1312 3011 (cl.

185 3029 275 3087 schol.
306 3028 344 3085 ad
373 3026 494 3086 Theocr.
520 3031 569 3100 11,
588 3029 618 3097 1;
650 3027 760 3100 Bergk.
793 3032 869 3100 poet.
902 3030 957 3101 lyr.
989 3029 1060 3088 ΙΠ4
1088 3048 1116 3103 p.
1144 3032 1202 3091 609
1228 3031 1314 3106 squ).

185 3123 319 3183 Ceterum
346 3124 494 3181 Theocriti
526 3139 640 3183 carmen
671 3124 819 3196 vulgatum
850 3125 940 3182 fnisse
966 3126 1107 3184 eBionis
1137 3128 1265 3186 carmine
1285 3127 1317 3186 Π

190 3221 381 3292 cognoscitur.
403 3252 442 3262 -
464 3219 635 3277 Accedimus
661 3219 699 3277 ad
725 3220 805 3277 aliud
826 3219 995 3280 Callimachi
1016 3223 1208 3294 epigramma,
1239 3224 1317 3295 quod

184 3322 276 3375 totum
297 3317 428 3374 exscribo
450 3314 534 3390 (52):

331 3427 385 3486 Τὸν
407 3429 438 3486 τὸ
459 3428 542 3487 καλὸν
565 3429 733 3502 peteretur
754 3425 906 3505 Θεόκριτον,
929 3427 952 3486 εἰ
974 3428 1023 3504 μὲν
1045 3431 1087 3505 ἔμ’
1111 3429 1197 3509 ἔχθει,

371 3524 480 3603 τετράκι
501 3522 618 3599 μισοίης·
641 3522 664 3580 εἰ
685 3522 715 3580 δὲ
735 3526 813 3600 φιλεῖ,
835 3523 942 3600 φιλέοις.

331 3621 402 3701 ναιχὶ
421 3622 489 3699 πρὸς
510 3618 642 3698 εὖχοίτεω
665 3618 851 3695 Γανυμήδεος,
874 3619 981 3698 οὔράνιε
1003 3621 1066 3694 Ζεῦ,

371 3717 417 3778 καὶ
438 3718 469 3776 οὗ
489 3721 550 3775 ποτ’
572 3716 704 3795 ἠράσθης,
727 3717 817 3777 οὐκέτι
839 3719 932 3798 μακρὰ
954 3719 1033 3794 λέγω.

187 3834 293 3892 Mirum
315 3837 372 3906 est,
405 3833 481 3904 quod
512 3833 641 3889 nonnulli
666 3832 723 3888 viri
745 3832 823 3890 docti
831 3832 854 3907 ¹)
884 3834 940 3891 hoc
961 3835 1140 3906 epigramma
1165 3834 1203 3892 ad
1223 3832 1322 3894 Theo-

258 4009 280 4078 ¹)
299 4006 425 4061 Fritzsch
458 4005 494 4060 cd
516 4008 546 4074 8,
564 4005 642 4074 561,
671 4004 704 4062 Ο.
722 4005 856 4062 Ribbeck.
875 4004 893 4062 l.
912 4007 931 4062 l.
950 4024 977 4077 p.
996 4008 1043 4076 853
1071 4005 1198 4076 Hempel.
1222 4024 1250 4078 p.
1268 4011 1320 4076 403

187 4096 244 4152 alii.
264 4127 298 4136 -
982 4117 1002 4162 Ι
