2820 4688
600 410 819 474 ..3ο-

142 596 193 670 (66
215 597 283 672 sq.):
305 614 362 655 non
384 603 463 656 recte
477 599 627 658 Bentleius
642 602 770 658 correxit
790 599 808 676 ἥ
829 622 859 658 τε
880 598 923 676 βίη
938 601 985 658 vel
999 597 1051 677 Βίη
1072 601 1275 659 assentientem

141 694 250 752 habens
263 695 453 767 Meinelsium3
469 713 520 754 cur
534 697 609 754 enim
623 702 691 770 post
704 696 737 773 σή
752 713 809 754 non
823 696 902 755 dieat
915 696 961 754 σόν
976 698 1028 756 sed
1041 695 1081 766 τό,
1097 696 1274 754 demonstrat

141 792 285 849 sententia
305 793 429 851 relativa
450 792 465 850 d
486 793 531 853 καὶ
553 817 580 851 π.
604 793 678 851 eicco
701 795 741 864 δ.,
767 810 824 866 qua
844 795 999 853 Homerica
1021 793 1146 853 formula
1166 798 1275 851 mutata

143 888 180 962 (e.
203 904 227 944 c.
251 887 286 946 cf.
310 890 325 946 δ
346 891 414 948 415.
438 913 462 949 ν.
481 888 550 964 143)
573 890 730 949 discrimen
751 890 823 949 facit
843 891 920 949 inter
940 891 1016 949 Iovis
1036 891 1128 963 ipsius
1148 891 1227 949 vires
1246 894 1274 948 et

140 990 330 1057 potestatem,
363 1002 448 1057 quam
475 969 622 1058 tamquam
648 986 730 1044 deam
757 983 895 1063 (deros)
926 988 1010 1045 iuxta
1039 1003 1071 1044 se
1096 987 1215 1044 locavit.
1238 1017 1272 1028 —

141 1082 277 1141 Ceterum
289 1099 324 1140 ne
336 1083 436 1140 horum
447 1082 561 1154 quidem
577 1099 710 1142 versuum
721 1083 871 1159 (cs-67)
887 1083 1058 1142 imitationis
1069 1082 1114 1142 rel
1123 1083 1271 1155 vestigium

140 1179 217 1250 apud
238 1178 425 1236 Theocritum
446 1180 601 1251 reperitur.

220 1275 277 1334 Sed
303 1277 360 1333 iam
383 1276 500 1334 tandem
526 1277 681 1349 aliquando
708 1282 867 1348 sequuntur
895 1277 971 1346 „loci
990 1276 1193 1349 gravissimr,
1225 1276 1271 1334 scl.

144 1372 193 1442 qui
214 1372 250 1430 ad
271 1372 450 1432 imitationes
465 1374 615 1432 Theocriti
635 1373 800 1446 probandas
821 1374 976 1440 sufficiant,
998 1390 1069 1444 quos
1088 1372 1213 1432 fortasse
1233 1381 1271 1442 tu,

140 1470 235 1526 lector
257 1470 411 1539 carissime,
434 1487 532 1529 morae
553 1472 706 1543 impatiens
728 1470 776 1529 diu
799 1472 1015 1544 exspectavisti.
1043 1470 1180 1543 Iuppiter
1201 1469 1272 1527 enim

139 1566 263 1637 undique
285 1583 320 1624 ea
341 1567 528 1639 conquisivit,
562 1585 636 1638 quae
664 1569 773 1641 optima
794 1574 862 1627 sunt
881 1573 911 1626 et
936 1567 1186 1641 praeclarissima:
1217 1582 1272 1623 non

139 1662 231 1721 solum
253 1660 363 1739 Κάρσος
383 1680 473 1737 prope
488 1664 590 1721 solium
605 1680 687 1722 snum
701 1664 807 1736 posuit,
829 1664 880 1722 sed
895 1665 983 1723 etiam
997 1663 1094 1721 avium
1108 1662 1273 1735 potentissi-

139 1776 230 1828 mam,
253 1760 389 1830 aquilam,
411 1761 496 1818 inssit
515 1761 646 1818 nuntium
668 1777 730 1818 esse
751 1761 950 1833 prodigiorum
970 1776 1085 1818 suorum
1107 1763 1138 1817 et
1150 1759 1272 1831 impers-

140 1862 236 1914 torum
258 1856 311 1931 (68
334 1858 398 1933 sq.),
420 1859 488 1928 quin
509 1858 596 1915 etiam
617 1858 763 1915 hominurn
784 1858 908 1930 optimos
929 1856 1044 1932 (αἰζηῶν
1066 1855 1107 1914 ὅτι
1126 1853 1272 1932 φέρτατον)

139 1953 194 2010 sibi
220 1953 361 2011 curandos
388 1953 491 2024 elegit,
522 1969 581 2011 non
615 1958 805 2023 mercatores,
837 1970 895 2011 uon
919 1954 1041 2018 milites,
1073 1970 1131 2010 non
1160 1957 1271 2025 poetes,

139 2066 210 2121 quos
241 2066 340 2107 omnes
372 2050 536 2126 μακάρεσσιν
568 2047 681 2115 &diiecto
713 2050 866 2121 concessit,
900 2051 951 2108 sed
981 2047 1166 2128 πτολιάρχοιις
1197 2047 1270 2124 (73)

141 2146 187 2205 Sic
207 2146 316 2204 factum
339 2151 392 2217 est,
414 2152 447 2205 ut
467 2148 596 2205 homines
618 2148 767 2221 appellent
785 2148 884 2206 fabros
908 2146 1044 2216 Vulcani,
1065 2147 1175 2205 milites
1195 2147 1272 2205 Mar·

139 2245 192 2313 tis,
221 2250 374 2303 venatores
394 2245 522 2312 Dianae,
554 2249 721 2303 cantatores
745 2244 906 2315 Apollinis;
939 2243 971 2303 ἐκ
998 2243 1028 2301 δὲ
1049 2243 1113 2306 Διὸς
1139 2246 1270 2320 βασιλῆες·

140 2340 198 2399 ἐπεὶ
219 2341 282 2404 Διὸς
309 2339 387 2400 οὐδὲν
409 2340 534 2399 ἀνάκτων
560 2339 699 2416 θειότερον
720 2341 772 2415 (79
794 2339 864 2414 sq.):
898 2340 940 2398 sic
965 2341 1021 2399 hoc
1045 2342 1108 2399 loco
1131 2342 1269 2400 traditum

142 2447 184 2496 est
206 2439 402 2510 scrupulorum
425 2438 518 2510 pleno.
549 2438 646 2494 Verba
667 2438 743 2494 enirn
763 2437 807 2494 ita
827 2438 937 2510 scripta
957 2437 1089 2510 intellegi
1109 2454 1168 2495 non
1189 2454 1269 2510 posse

139 2535 321 2593 consentiunt
351 2534 412 2593 fere
445 2549 551 2591 omnes
593 2533 698 2604 ltaque
724 2534 916 2592 Schneiderus
947 2551 1004 2591 una
1027 2534 1130 2592 littera
1161 2540 1269 2592 mutata

137 2631 266 2704 scripsit:
290 2629 373 2689 ἐκδὲ
394 2629 457 2692 Διὸς
478 2632 621 2706 bassilius,
638 2629 696 2688 ἐπεὶ
710 2629 782 2694 Διός·
812 2628 890 2688 οὐδὲν
912 2629 1038 2689 ἀνάκτων
1059 2634 1132 2695 rub:
1155 2631 1268 2704 supple-

136 2728 178 2785 vit
199 2728 289 2798 igitur
310 2725 434 2802 ὑδείομεν
467 2727 534 2803 (76)
556 2728 587 2784 in
612 2744 681 2785 voce
702 2730 844 2805 βασιλῆαςς
875 2729 967 2786 verba
1000 2734 1095 2786 autem
1123 2726 1183 2785 ἐπεὶ
1208 2727 1269 2790 Διὸς

137 2825 233 2882 fateor
253 2841 298 2882 me
320 2841 377 2882 non
391 2825 606 2883 intellecturum
621 2824 719 2897 fuisse,
744 2826 800 2882 nisi
820 2825 884 2897 ipse
905 2824 1091 2898 explicasset:
1117 2825 1269 2895 „quoniam

136 2922 213 2979 Iovis
234 2927 301 2979 sunt
321 2923 340 2978 i.
364 2937 388 2978 e.
411 2921 513 2978 summi
534 2921 595 2990 dei,
627 2937 685 2979 non
706 2922 828 2979 alicuius
849 2939 885 2978 ex
910 2923 1052 2980 minorum
1073 2921 1192 2978 deorum
1218 2937 1269 2979 nn-

136 3024 232 3075 mero“
252 3017 283 3092 (Ι
300 3018 370 3093 159)
380 3018 411 3093 Ι).
437 3017 518 3090 Quae
533 3019 735 3091 interpretatio
750 3019 834 3076 nimis
849 3025 929 3076 torta
943 3024 996 3090 est,
1012 3035 1095 3090 quam
1112 3018 1270 3089 quaemihi

139 3114 315 3178 satisfaciam
338 3131 373 3171 ne
395 3114 430 3172 de
444 3114 664 3174 Wilamowitzio
686 3116 799 3187 quidem
813 3117 931 3188 placuit,
953 3116 1053 3187 quiin
1074 3117 1158 3174 textu
1177 3115 1266 3174 verbs

58 3264 60 3269 .
136 3210 294 3282 depravata
316 3210 441 3281 reliquit,
463 3211 493 3268 in
514 3211 699 3270 adnotatione
713 3213 837 3271 coniecit
858 3211 901 3270 ἐπὶ
920 3211 1022 3290 χθονὸς
1043 3229 1095 3286 pro
1119 3210 1177 3269 ἐπεὶ
1191 3209 1269 3274 Arde:

136 3323 189 3364 nec
210 3313 308 3365 tamen
334 3307 516 3365 desideratur
547 3308 601 3365 hoc
626 3309 854 3367 additamentum
879 3325 971 3380 neque
991 3308 1118 3367 libenter
1138 3308 1269 3365 omittam

134 3404 307 3475 particulam
333 3402 394 3460 ἐπεί
411 3410 481 3477 apte
514 3405 717 3465 inservientem
745 3406 782 3463 ad
807 3406 953 3464 firmanda
980 3421 1053 3476 quae
1079 3405 1266 3463 antecedunt:

136 3498 168 3558 ἐκ
194 3499 224 3558 δὲ
244 3499 308 3563 Διὸς
333 3502 466 3576 βασιλῆες.
518 3500 592 3559 Tres
618 3518 687 3561 vero
713 3503 770 3560 viri
795 3503 974 3574 sagacissimi
1004 3519 1057 3575 pro
1088 3518 1119 3560 se
1151 3501 1269 3573 quisque

135 3597 318 3657 coniecerunt
349 3595 406 3654 ἐπεὶ
437 3594 514 3670 γένος
544 3601 617 3667 κτλ.,
649 3597 858 3672 Peerlkampus
883 3599 971 3674 (Xen.
997 3599 1104 3671 Ephes.
1130 3615 1158 3670 p.
1187 3597 1268 3672 258),

135 3695 306 3767 Meinekins,
328 3698 474 3771 Hauptius
496 3698 584 3773 (Opp.
605 3700 639 3758 Π
663 3702 718 3758 141
740 3701 806 3775 ιιι).
839 3701 919 3772 Quae
938 3699 1110 3768 emendatio,
1137 3699 1269 3770 quamvis

135 3793 266 3864 speciosa
286 3795 333 3864 sit,
355 3796 425 3853 mihi
445 3797 560 3867 quidem
581 3814 637 3855 non
658 3799 744 3870 plane
765 3798 919 3870 probatum
946 3813 1022 3854 nunc
1043 3795 1120 3853 enim
1140 3795 1269 3856 offendor

135 3889 165 3946 in
185 3906 255 3949 voce
276 3889 429 3968 θειότερον,
456 3893 522 3964 quia
544 3910 600 3951 non
621 3894 715 3967 logice
737 3895 872 3954 dicuntur
891 3909 976 3966 reges
997 3892 1075 3951 iovis
1097 3908 1159 3952 esse
1180 3911 1268 3967 prop-

207 4100 227 4168 ¹)
248 4097 381 4154 Similiter
399 4101 455 4154 iam
473 4098 618 4155 Heckorus
636 4101 807 4157 iudicaverat
825 4102 842 4158 l.
861 4100 880 4156 l.
898 4118 926 4171 p.
948 4101 1006 4156 129.
1031 4129 1063 4140 «-
