2820 4688
691 435 887 497 -4-

227 629 348 688 tentiam
380 626 512 685 Belochii
543 626 645 685 falsam
678 641 740 683 esse
770 624 949 685 convincunt.
1000 625 1066 682 lure
1098 625 1173 683 enim
1207 626 1353 693 miramur,

229 725 304 797 qnod
330 728 395 798 post
420 739 447 783 a.
475 724 533 781 270
558 740 576 780 a
597 722 751 780 Theocrito
773 722 862 779 Hiero
893 736 950 779 non
975 719 1097 797 βασιλεύς
1122 720 1286 794 appellatus
1312 710 1355 777 est

226 820 277 896 (of.
293 819 442 879 Susamihl.
458 820 478 878 l.
492 818 539 894 l.):
561 833 634 889 quae
648 815 764 874 offensio
778 832 835 874 non
849 833 883 874 eo
903 817 1024 889 tollitur,
1046 817 1121 888 quod
1135 818 1185 875 ille
1197 818 1259 889 ipse
1273 816 1353 889 regio

226 916 339 975 nomine
366 914 536 974 abstinuisse
572 913 689 983 dicitor3
721 913 747 972 is
778 913 866 983 enim,
899 913 934 971 de
964 925 1018 986 quo
1044 913 1180 987 Polybius
1210 914 1248 990 (I,
1271 914 1298 982 8,
1321 912 1354 987 5)

226 1012 329 1071 tradit:
359 1010 391 1070 ἐκ
421 1013 475 1069 τῶν
507 1009 623 1087 πρώτων
649 1007 838 1085 ἐπινοημοέτων
870 1006 974 1073 εὐθέως
1004 1011 1086 1086 δῆλος
1116 1008 1149 1086 ἦν
1180 1012 1235 1072 τοῖς
1265 1007 1355 1084 ὀρθῶς

227 1106 421 1181 σκοπουμένοις
457 1105 586 1182 μειζόνων
617 1104 778 1183 ὀρεγόμενος
809 1105 925 1164 ἐλπίδων
954 1104 972 1182 ἢ
1008 1105 1078 1166 κατὰ
1107 1107 1156 1183 τὴν
1186 1104 1355 1190 στρατηγίαν,

229 1209 309 1262 certe
330 1219 386 1261 non
406 1202 547 1261 modestia
561 1208 654 1261 motus
673 1187 778 1261 nomen
797 1203 875 1276 regis
896 1204 981 1270 cavit,
1003 1203 1054 1261 sed
1067 1204 1203 1276 prudenti
1225 1203 1352 1270 consilio,

229 1316 265 1359 ne
295 1300 358 1372 ipso
382 1298 496 1357 nomine
527 1299 651 1371 speciem
670 1299 787 1372 tyranni
817 1315 888 1372 prae
918 1315 949 1358 se
974 1299 1073 1358 ferret.
1121 1301 1162 1359 At
1192 1301 1260 1358 inde
1288 1316 1355 1357 num

127 1418 129 1423 ’
230 1394 353 1455 efficitur
367 1394 427 1453 eius
438 1395 556 1453 auribus
567 1394 745 1466 displicuisse
755 1396 979 1469 appellationem
992 1397 1028 1454 ab
1040 1397 1104 1456 aliis
1117 1397 1354 1470 pronuntiamur

228 1494 324 1565 Magis
356 1493 444 1550 etiam
474 1491 655 1564 mirabimur,
687 1492 763 1564 qnod
793 1492 939 1551 Romanos
970 1493 1157 1568 Syracusanis
1192 1494 1285 1553 socios
1321 1509 1354 1550 ne

232 1607 287 1649 uno
310 1589 425 1661 quidem
444 1589 533 1648 verbo
555 1587 727 1647 Theocritus
753 1589 863 1662 tetigit,
895 1606 987 1661 neque
1012 1591 1087 1648 enim
1111 1591 1197 1649 facile
1223 1591 1355 1662 cuiquam

232 1686 447 1761 persuadebunt
466 1685 550 1743 haec:
580 1684 655 1755 „Die
674 1685 878 1745 barbarischen
897 1686 1153 1760 Bundesgenossen
1175 1686 1223 1746 des
1245 1686 1355 1759 Konigs

230 1784 314 1842 dabei
335 1799 369 1839 zu
391 1779 959 1840 erwohnen·hatteerksinenAn1ab“
980 1783 1021 1857 (p,
1043 1783 1123 1857 368).

311 1878 468 1937 Universos
498 1880 650 1950 praeterea
680 1876 795 1934 illorum
825 1883 985 1952 temporum
1015 1894 1063 1936 res
1094 1879 1295 1950 contemplati,
1331 1878 1354 1937 si

203 1989 207 1996 ·
231 1975 397 2034 Belochium
411 1990 481 2032 vera
495 1972 601 2030 dixisse
615 1989 762 2046 ponamus,
783 1979 903 2045 quantas
923 1975 953 2033 in
968 1973 1152 2034 difficultates
1173 1976 1352 2034 incurrimus.

231 2072 348 2131 Etenim
369 2074 519 2144 postquam
539 2069 665 2128 Romani
678 2070 859 2129 Mamertinis
879 2072 1041 2144 petentibus
1062 2087 1229 2130 succurrere
1250 2071 1355 2130 consti·

231 2172 364 2239 tuerunt,
397 2166 486 2224 Hiero
508 2170 538 2223 et
557 2164 824 2239 Carthaginienses,
856 2167 1022 2238 quibuscum
1053 2169 1221 2227 societatem
1252 2168 1355 2225 inierat

177 2318 179 2321 .
232 2264 346 2339 (Polyb.
368 2262 393 2330 Ι,
417 2263 455 2320 10
475 2263 559 2341 sqq),
579 2262 742 2321 Messanam
762 2263 897 2336 oppidum
918 2265 1102 2332 obsidebant,
1133 2265 1222 2322 donec
1242 2265 1354 2335 utrique

231 2363 267 2420 ab
283 2359 362 2434 App.
379 2358 499 2418 Claudio
513 2359 584 2417 victi
599 2362 629 2416 et
641 2359 776 2417 recedere
791 2361 885 2418 coacti
899 2366 972 2419 sunt.
1014 2363 1109 2434 Atque
1122 2361 1211 2419 Hiero
1232 2360 1354 2431 quidem,

235 2457 284 2529 qui
305 2455 386 2515 clade
407 2454 485 2513 haud
505 2469 603 2527 parva,
625 2459 658 2511 ut
678 2455 799 2527 videtur,
822 2460 940 2529 accepta
954 2462 1036 2514 noete
1056 2459 1190 2516 celeriter
1209 2471 1300 2528 usque
1320 2455 1356 2514 ad

121 2629 124 2634 Ι
153 2537 155 2541 ⁴
237 2551 396 2624 Syracusas
423 2567 454 2609 se
479 2554 626 2623 receperat
647 2551 760 2624 (Polyb.
786 2553 810 2623 I,
834 2555 879 2620 11,
903 2553 962 2627 15),
989 2570 1052 2611 curn
1076 2553 1200 2627 plurima
1225 2554 1357 2626 deinceps

238 2647 355 2706 Siciliae
387 2647 492 2720 oppida
519 2647 549 2705 in
574 2652 671 2720 partes
691 2647 883 2706 Romanorum
908 2649 1091 2708 transcedere
1118 2656 1304 2722 cognosceret
1328 2654 1357 2707 et

236 2744 313 2819 apud
334 2743 387 2802 hos
408 2759 471 2801 esse
491 2759 603 2801 omnem
623 2743 692 2802 belli
713 2745 857 2804 fortunam
876 2746 1059 2818 intellegeret
1071 2746 1196 2820 (Polyb.
1216 2749 1238 2818 I,
1257 2749 1302 2818 16,
1317 2746 1356 2822 4),

241 2838 517 2913 Carthaginiensium
548 2837 663 2900 foedere
689 2841 799 2901 abiecto
820 2859 839 2900 a
859 2841 999 2900 Romanis
1024 2860 1123 2917 pacem
1144 2848 1173 2902 et
1193 2844 1359 2902 societatem

234 2937 413 3011 impetravit.
454 2937 494 2995 Et
524 2936 560 2995 de
591 2937 645 2996 hoc
665 2937 794 2997 Hierone
825 2939 908 2997 modo
938 2940 1014 2998 victo
1036 2940 1220 2999 Theocritum
1252 2941 1359 2999 dixisse

237 3033 400 3106 putabimus
420 3033 502 3091 haec:
532 3034 636 3092 ἔσσεται
656 3031 735 3097 οὗτος
755 3032 830 3111 ἀνήρ,
856 3033 886 3098 ὃς
907 3033 974 3109 ἐμεῦ
995 3035 1135 3114 κεχρήοεέ
1161 3036 1262 3104 ἀοιδοῦ,
1284 3036 1360 3114 ῥέξας

237 3128 255 3205 ἢ
273 3127 401 3206 Ἀχιλεὺς
422 3127 502 3186 ὅσσον
523 3129 607 3204 μέγας
630 3128 649 3206 ἢ
670 3129 751 3207 βαρὺς
772 3130 838 3194 Αἴας
858 3129 887 3188 ἐν
911 3130 995 3208 πεδίῳ
1016 3131 1162 3206 Σιμόεντος
1186 3135 1237 3208 (73
1263 3133 1360 3208 sqq.)⁶?

240 3225 344 3285 Nonne
365 3229 395 3282 et
416 3242 451 3283 ex
472 3226 517 3283 his
537 3230 567 3284 et
587 3243 622 3284 ex
643 3231 703 3285 toto
718 3228 843 3286 carmine
865 3229 966 3300 elucet,
988 3247 1052 3288 cum
1072 3229 1103 3288 id
1124 3231 1359 3302 conscriberetur,

238 3322 397 3380 Hieronem
418 3322 507 3380 fuisse
528 3338 604 3394 eum,
636 3340 729 3395 aquo
756 3324 819 3382 iure
840 3342 946 3397 magna
966 3327 1127 3398 exspectari
1147 3331 1283 3400 possemc
1314 3328 1363 3385 An

238 3436 291 3477 rex
321 3419 415 3478 victus
441 3419 575 3478 dicendus
601 3425 664 3478 erat
688 3421 827 3499 προτέροις
852 3422 907 3486 ἴσος
931 3422 1048 3499 ἡρώεσσι
1072 3422 1157 3498 (80)⁶?
1190 3425 1265 3481 Num
1286 3425 1363 3484 veri-

239 3516 332 3575 simile
360 3520 405 3574 est
430 3516 465 3574 de
491 3533 524 3574 eo
545 3516 732 3575 Theocritum
756 3519 950 3591 praedicasse:
982 3517 1086 3595 ὑψηλὸν
1113 3516 1135 3575 δ’
1158 3517 1261 3596 Ἱέρωνι
1284 3519 1364 3581 κλέος

241 3611 363 3690 φορέοιεν
385 3610 472 3670 ἀοιδοί
490 3616 562 3683 κτλ.;
586 3611 623 3676 εἷς
644 3613 693 3688 μὲν
708 3613 771 3689 ἐγώ,
792 3614 909 3678 πολλοὺς
930 3614 960 3672 δὲ
981 3613 1044 3677 Διὸς
1064 3614 1180 3690 φιλέοντι
1200 3615 1245 3674 καὶ
1266 3613 1365 3678 ἄλλους

239 3708 399 3786 θυγατέρες,
427 3711 481 3772 τοῖς
505 3712 568 3767 πᾶσι
598 3709 675 3785 μέλοι
695 3709 809 3787 Σικελὴν
826 3709 995 3789 Ἀρέθουσαν
1027 3709 1118 3787 ὑμνεῖν
1146 3711 1192 3770 σὺν
1214 3715 1299 3770 λαοῖσι
1320 3712 1365 3771 καὶ
1388 3698 1391 3703 ’

241 3804 378 3883 αἰχμητᾶν
407 3803 519 3883 Ἱέρωνα
551 3806 601 3881 (98
633 3807 729 3882 sqq.)⁶?
758 3808 860 3881 Neque
891 3807 986 3880 aptius
1017 3807 1186 3866 dictasunt
1216 3825 1242 3866 a.
1276 3809 1364 3875 263J2

240 3902 313 3961 haec
343 3903 444 3963 verba:
477 3901 530 3979 ἤδη
562 3904 606 3961 νῦν
638 3902 761 3969 Φοίνικες
796 3939 832 3949 -
867 3902 950 3983 ι’ίιιρον
980 3905 1080 3983 σφυρὸν
1111 3903 1251 3983 έρρίγασιν·
1287 3903 1366 3981 ᾔδη’)

314 4103 334 4172 ¹)
354 4101 397 4157 De
415 4101 507 4158 verbis
525 4100 575 4175 ἥδη
594 4105 636 4154 νῦν
656 4133 689 4141 -
707 4101 757 4175 ἤδη
776 4101 977 4172 intellegendis
990 4101 1024 4159 cf.
1043 4103 1159 4160 Vahlen.
1176 4119 1204 4175 p.
1224 4107 1285 4160 838.
1305 4133 1339 4144 -
