2820 4688
597 406 815 467 ..44-

141 600 197 660 τοῖς
217 593 336 671 Ἕλλησι
362 595 429 671 πρός
455 617 485 652 τε
510 594 573 658 τοὺς
598 596 643 651 νῦν
674 594 838 670 ἠδικηκότας
869 593 914 653 καὶ
945 593 1204 671 eaperecapere<
1229 594 1276 658 τὰς

141 693 233 756 πόλεις
253 691 391 770 πρόθυμοι
412 691 482 766 μετὰ
495 694 543 749 τοῦ
565 690 695 767 βασιλέως
710 689 881 765 Πτολεμαίου
903 689 948 749 καὶ
963 694 1022 765 μετ’
1039 690 1167 766 ἀλλήλων
1188 689 1276 767 ὑπάρ-

142 811 227 868 χωσιν
250 787 392 862 ἀγωνισταὶ
413 788 458 847 καὶ
478 786 509 845 τὸ
535 786 627 844 λοιπὸν
649 783 710 860 μεθ’
734 785 861 861 ὁμονοίας
882 782 1002 863 σῴζωσιν
1022 786 1071 851 τὰς
1091 788 1205 851 πόλεις.
1222 834 1229 848 .
1245 833 1274 849 ..

142 886 189 944 Ad
220 884 385 962 ἠδικηκότας
411 888 469 943 κτλ.
498 888 592 942 autem
624 883 765 954 imprimis
791 883 967 954 Antigonum
998 884 1184 942 referendum
1215 900 1276 942 esse

141 983 233 1055 ipsum
254 982 360 1040 bellum
382 981 621 1039 Chremonideum
642 985 773 1037 exortum
802 978 935 1037 ostendit.
980 978 1166 1038 Ptolemaeus
1186 981 1277 1052 igitur

141 1079 171 1136 in
191 1080 245 1136 hoc
266 1079 352 1136 titulo
373 1082 562 1146 memoratus,
586 1093 650 1134 cum
670 1074 795 1134 foederis
816 1081 915 1148 partes
936 1075 1057 1133 haberet
1078 1082 1166 1148 atque
1187 1078 1275 1134 etiam

140 1174 264 1233 fortasse
286 1175 347 1233 eius
368 1181 469 1232 auctor
490 1173 627 1231 existeret
648 1173 699 1247 (ci.
722 1190 762 1231 vs.
788 1173 823 1230 16
845 1172 936 1246 sqq),
969 1177 1031 1229 tum
1054 1173 1195 1244 temporis
1216 1174 1274 1230 Au·

73 1294 77 1301 ²
141 1273 242 1344 tigono
263 1272 385 1330 infestus
407 1276 479 1328 erat.
522 1270 631 1341 Quodsi
651 1273 831 1340 reputamus,
857 1269 959 1338 quanti
979 1268 1041 1325 sine
1067 1268 1153 1326 dubio
1176 1267 1276 1325 Phila·

141 1368 239 1440 delphi
260 1367 433 1438 interfuerit,
456 1384 492 1424 ne
514 1372 645 1438 potestas
663 1365 852 1423 Macedoniae
873 1365 963 1422 nimia
984 1362 1075 1434 fieret,
1100 1363 1186 1421 facile
1209 1380 1274 1421 con-

142 1465 260 1523 cedetur
281 1465 338 1521 iam
353 1465 483 1536 pluribus
498 1465 580 1521 annis
601 1468 670 1520 ante
684 1464 720 1519 ab
742 1462 871 1519 amicitia
885 1462 1026 1533 Antigoni
1040 1477 1105 1518 eum
1118 1461 1275 1518 recessisse

142 1567 173 1620 et
204 1561 312 1619 favisse
344 1577 448 1618 causae
475 1561 661 1619 Graecorum.
703 1558 801 1632 Quare
828 1575 892 1616 cum
923 1564 989 1630 post
1014 1557 1120 1630 Pyrrhi
1153 1563 1274 1615 mortem

143 1657 229 1732 (272)
252 1658 387 1714 celeriter
408 1655 577 1728 Antigonus
602 1672 742 1712 summam
767 1656 797 1712 in
819 1655 943 1714 Graecia
968 1655 1126 1729 potentiam
1153 1654 1276 1725 adipisci

140 1754 293 1824 inciperet,
327 1753 527 1811 verisimiliter
547 1754 675 1810 statuere
700 1752 772 1808 mihi
793 1751 894 1808 videor
913 1769 970 1808 non
991 1755 1103 1822 posta
1127 1751 1187 1808 276
1207 1748 1273 1808 (iel-

140 1854 235 1906 tarum
256 1866 372 1906 manum
393 1849 422 1905 iu
444 1849 610 1920 Aegyptum
631 1847 752 1906 venisse.
795 1847 896 1917 Neque
923 1847 1036 1905 omnino
1057 1847 1208 1919 probabile
1231 1850 1275 1905 est

141 1946 227 2002 nimis
258 1946 345 2016 longo
376 1946 517 2017 temporis
549 1945 703 2002 intervallo
728 1948 794 2015 post
821 1944 962 2015 proelium
990 1943 1167 2016 Delphicum
1190 1944 1274 2000 Anti·

143 2059 258 2114 gouum,
281 2042 386 2114 quippe
407 2043 457 2112 qui
471 2043 568 2098 multis
589 2041 724 2112 deinceps
738 2042 840 2113 pugnis
854 2045 1011 2111 occupatus
1027 2044 1110 2108 esset,
1132 2044 1177 2097 tot
1199 2057 1273 2098 mer-

141 2138 291 2197 cennarios
312 2172 350 2181 -
376 2142 460 2195 erant
474 2144 570 2195 autem
584 2136 645 2195 iere
659 2141 796 2207 quattuor
810 2136 891 2193 milia
915 2168 949 2226 -7
964 2135 1134 2194 Ptolemaeo
1150 2136 1271 2194 misisse.

139 2236 241 2304 ltaque
255 2234 280 2292 si
294 2235 359 2305 quis
373 2234 564 2298 contenderit,
586 2235 719 2304 quoniam
734 2233 808 2291 bello
830 2248 892 2290 cum
907 2232 1021 2304 Pyrrho
1043 2238 1125 2304 gesto
1141 2249 1273 2303 magnam

138 2332 241 2388 virium
262 2337 375 2403 partem
396 2330 527 2389 Gonatas
548 2330 719 2401 perdiderit,
752 2347 789 2387 ne
810 2322 924 2401 posta.
947 2329 1005 2387 272
1026 2328 1141 2400 quidem
1162 2330 1200 2386 ab
1221 2330 1273 2387 illo

139 2427 241 2486 Gallos
263 2444 326 2485 esse
347 2426 461 2495 missos,
495 2443 540 2483 me
560 2443 616 2485 non
643 2430 850 2499 repugnantem
875 2425 1002 2483 habebit.
1046 2425 1102 2483 Sed
1124 2426 1204 2483 volui
1225 2425 1273 2483 de·

140 2530 301 2582 monstrare
327 2524 404 2580 inter
425 2538 452 2580 a.
475 2523 531 2579 277
554 2528 585 2579 et
606 2523 665 2580 270
686 2528 796 2580 certum
822 2538 928 2579 anuum
953 2521 1047 2578 adhuc
1072 2521 1185 2580 definiri
1216 2538 1273 2580 non

137 2635 228 2692 posse.

219 2716 281 2773 Hos
303 2719 399 2772 autem
414 2714 511 2773 Celtas
532 2715 690 2773 scholiasta
711 2716 761 2774 ille
781 2715 871 2773 tradit
891 2715 1015 2772 voluisse
1036 2717 1084 2772 roi
1099 2713 1271 2790 Πτολεμαίου

139 2810 283 2888 διαρπάσαι
302 2810 337 2869 τὰ
350 2811 489 2890 χρήματα.
526 2812 563 2869 Id
583 2816 702 2870 auctore
716 2812 861 2870 Pausania
883 2811 922 2885 (I,
947 2814 973 2880 7,
996 2812 1028 2886 2)
1049 2811 1217 2870 factumest
1238 2828 1270 2870 eo

137 2909 201 2981 ipso
232 2915 374 2980 tempore,
407 2925 462 2979 quo
484 2907 668 2967 Ptolemaeus
695 2925 759 2966 cum
784 2908 874 2980 Maga
898 2909 1004 2966 bellum
1029 2908 1162 2980 gerebat3
1196 2910 1271 2966 hunc

138 3005 213 3062 enim
234 3021 266 3062 se
287 3006 383 3063 subito
404 3007 591 3078 recipientem
617 3007 752 3079 persequi
773 3006 924 3064 Gallorum
945 3005 1087 3064 seditione
1107 3006 1271 3077 prohibitus

137 3108 192 3160 est.
233 3101 300 3159 Hoc
326 3109 423 3160 autem
443 3102 559 3170 bellum,
587 3106 619 3159 ut
640 3118 728 3174 supra
748 3119 775 3173 p.
802 3104 837 3159 14
859 3118 900 3173 sq.
923 3102 1056 3174 exposui,
1087 3110 1271 3160 utrumnum

138 3199 272 3270 Koeppio
295 3215 337 3256 ca.
360 3215 387 3255 a.
409 3200 467 3256 276
490 3215 528 3256 an
549 3214 614 3255 cum
626 3198 834 3256 Wiedemauuo
855 3200 942 3271 paulo
963 3204 1031 3256 aute
1053 3214 1080 3258 a.
1102 3199 1160 3257 265
1182 3197 1271 3257 fuisse

137 3295 321 3352 statuendum
342 3295 389 3365 sit,
411 3294 496 3367 plane
518 3294 662 3352 incertum
683 3299 739 3366 est3
760 3310 931 3365 quamquam
953 3310 1019 3352 mea
1039 3295 1173 3366 opinione
1193 3295 1271 3353 vori-

136 3390 258 3448 similius
289 3391 361 3448 illud
391 3391 509 3462 ponitur
540 3406 624 3462 quam
655 3392 718 3450 hoc.
760 3390 902 3449 Ponamus
929 3408 1003 3448 nunc
1034 3392 1134 3449 statim
1160 3408 1187 3449 a.
1210 3393 1269 3448 277

137 3486 233 3545 Celtas
254 3488 285 3544 in
305 3489 471 3559 Aegyptum
492 3487 593 3546 missos
620 3504 697 3554 esse,
729 3488 828 3546 statim
858 3493 924 3560 post
955 3489 1126 3547 seditionem
1157 3486 1268 3558 fecisse,

136 3584 234 3641 statim
256 3583 377 3655 denique
399 3588 465 3656 post
485 3582 694 3642 Callimachum
719 3586 856 3658 hymnum
878 3568 1039 3656 scripsisse,
1072 3591 1195 3656 apparet
1216 3585 1271 3642 hoc

135 3679 245 3737 factum
270 3697 333 3738 esse
363 3686 514 3738 nonanta
541 3696 566 3737 a.
590 3681 658 3740 276.
700 3679 752 3738 Sin
773 3686 871 3738 autem
897 3680 1003 3738 bellum
1029 3697 1093 3739 cum
1115 3680 1203 3752 Maga
1225 3696 1267 3739 oa.

135 3792 161 3833 a.
184 3777 242 3834 266
269 3783 378 3849 gestum
406 3781 463 3845 est,
495 3777 538 3835 ita
562 3782 595 3834 ut
627 3778 831 3848 mercennarii,
866 3794 929 3835 cnm
961 3780 1106 3856 κατασχεῖν
1133 3777 1269 3852 Αἴγυπτον

136 3872 250 3947 (Paos.)
275 3875 396 3941 vellent,
428 3874 486 3931 iam
517 3875 633 3944 aliquod
658 3879 774 3947 tempus
799 3875 877 3947 apud
900 3875 1097 3933 Ptolemaeum
1124 3875 1269 3948 stipendia

134 3969 315 4040 meruissent,
337 3970 367 4027 id
388 3969 463 4041 quod
481 3969 545 4027 fieri
566 3971 695 4043 potuisse
717 3971 819 4042 negari
833 3971 941 4044 nequit,
964 3971 1086 4043 hymnus
1107 3987 1150 4030 ca.
1167 3987 1192 4032 a.
1209 3974 1269 4032 264
