2820 4688
609 423 830 485 ..37-

148 616 245 668 autern
265 627 356 684 puero
377 611 409 668 in
430 611 494 669 sinu
515 611 610 683 posito
633 611 668 670 de
688 627 719 669 se
733 611 797 683 ipsa
820 611 908 669 verba
927 611 998 670 iacit
1018 613 1123 684 gaudio
1145 614 1281 687 impleta;

147 723 225 776 nam,
254 715 287 764 ut
308 707 364 776 eit,
398 705 440 765 ἀπ’
464 706 540 781 ἐμεῖο
566 705 666 782 Δήλιος
687 705 834 765 Ἀπόλλων
860 707 1036 783 κεκλήσεται,
1064 705 1128 766 οὐδέ
1149 732 1187 772 τις
1213 707 1282 785 ἄλλη

148 799 249 876 γαιάων
270 801 398 861 τοσσόνδε
419 802 479 879 θεῷ
492 803 667 895 ρεφιλήσεται
688 801 763 879 ἄλλῳ
785 836 820 845 -
845 803 890 862 καὶ
912 806 1024 879 ἔσσομαι
1046 803 1136 864 οὖκέτι
1156 806 1281 882 πλαγκτή

149 899 218 972 (166
240 897 325 972 som).
349 898 579 957 —Theocritus
604 907 700 957 autern
721 900 756 957 dc
779 900 948 958 Ptolemaeo
974 901 1047 959 haec
1072 903 1203 974 scripsit:
1236 901 1283 961 καί

148 1016 176 1052 σε
196 992 281 1058 Κόως
302 993 428 1053 ἀτίταλλε
449 992 550 1071 βρέφος
570 995 705 1069 νεογιλλὸν
728 993 821 1065 ἐόντα,
844 993 980 1071 δεξαμένα
1001 997 1075 1074 παρὰ
1096 997 1212 1075 ματρός,
1235 998 1281 1056 ὅτε
1378 1000 1382 1009 “

146 1090 255 1168 πρώταν
276 1090 330 1154 ἴδες
352 1090 394 1149 ἀῶ
418 1092 467 1156 158
482 1093 553 1167 sq.);
575 1091 616 1149 ibi
637 1092 712 1149 enim
728 1092 869 1150 Berenice
891 1109 987 1166 regem
1008 1101 1176 1168 pepererat;
1200 1101 1280 1167 post-

147 1204 230 1258 quam
252 1193 349 1246 autem
371 1193 456 1246 natus
477 1188 632 1259 1111111111,
663 1189 758 1246 insula
783 1189 890 1260 gaudio
917 1191 1065 1248 exsultans
1092 1196 1189 1249 votum
1210 1191 1281 1249 facit

148 1282 221 1360 ὄλβιε
243 1285 325 1362 κοῦρε
346 1282 433 1357 γένοιο
445 1284 476 1357 ¹),
499 1284 601 1342 deinde
623 1290 706 1357 optat
726 1285 793 1342 sibi:
821 1283 884 1348 τίσις
906 1283 937 1342 δέ
959 1308 994 1360 με
1015 1285 1119 1359 τόσσον,
1142 1287 1205 1345 ὅσον
1228 1310 1279 1364 περ

146 1379 236 1440 Δᾶλυν
258 1379 384 1455 ἐτίμασεν
405 1379 589 1456 κυανοίμπυκα
611 1379 712 1456 Φοῖβος
729 1379 883 1439 Ἀπόλλων·
907 1381 935 1439 ἐν
957 1383 987 1440 δὲ
1008 1385 1056 1460 μιᾷ
1076 1386 1141 1459 τιμᾷ
1162 1381 1279 1460 Τριόπον

145 1477 276 1537 καταθεῖο
297 1477 422 1536 κολώναν
446 1476 504 1534 ἴσον
531 1474 679 1554 Δωριέεσσι
704 1474 796 1551 νέμων
822 1475 903 1555 γέρας
929 1480 1005 1553 ’ἐγγυς
1026 1479 1125 1545 ἐοῦσιν,
1155 1477 1213 1537 ἴσον
1234 1479 1280 1538 καὶ

141 1571 270 1649 Ῥήναιαν
297 1571 362 1640 ὂίναξ
390 1572 515 1651 ἐφίλησεν
533 1572 680 1632 Ἀπόλλων
712 1575 869 1649 (668111).
912 1574 1036 1633 Versum
1058 1577 1132 1632 enim
1155 1573 1213 1632 ἶσον
1234 1575 1280 1634 καὶ

141 1668 217 1748 ‘Pha
239 1674 312 1743 κτλ,
344 1687 428 1742 quem
449 1670 643 1728 Buechelerus
669 1672 752 1744 (mus.
781 1671 863 1730 rhen.
885 1672 937 1736 30,
960 1672 997 1729 59
1020 1673 1097 1745 sqq.)
1130 1674 1277 1744 expunxit,

146 1772 214 1840 apte
236 1782 254 1824 a
275 1773 362 1839 poeta
381 1768 444 1839 ipso
460 1766 589 1824 additum
611 1783 673 1824 esse
687 1765 836 1825 Vahlenus
857 1767 888 1824 in
908 1767 1013 1826 scholis
1028 1769 1098 1825 mihi
1118 1770 1276 1840 persuasit:

145 1865 256 1922 utinam
277 1871 310 1921 tu
332 1870 362 1922 et
382 1879 428 1920 me
449 1864 558 1921 honore
584 1863 695 1921 afficias
716 1868 747 1920 et
768 1862 852 1921 simol
876 1880 988 1921 mecum
1009 1862 1173 1935 Triopium,
1204 1865 1280 1922 sient

145 1960 249 2032 Apollo
270 1975 382 2030 quoque
403 1962 520 2031 praeter
540 1959 646 2016 Delum
667 1960 776 2015 amavit
797 1957 965 2017 Rhonaeam
985 1960 1117 2018 insulam.

226 2058 289 2114 Iam
310 2061 462 2126 utrumque
476 2062 592 2129 poetam
612 2057 689 2114 inter
709 2073 740 2113 se
755 2061 955 2128 comparantes
975 2057 1050 2114 hano
1068 2056 1158 2114 solam
1179 2056 1278 2114 simili·

144 2154 273 2211 tudinem
294 2153 487 2224 agnoscimus,
508 2151 583 2222 quod
609 2150 717 2217 insola,
739 2153 775 2208 ab
797 2152 890 2210 altero
911 2152 1016 2221 Delus,
1037 2150 1096 2210 Cos
1116 2152 1153 2210 ab
1175 2152 1275 2225 altero,

143 2247 262 2320 loquens
283 2248 400 2320 fingitur
426 2249 506 2305 velut
526 2248 625 2312 homo;
657 2247 738 2319 ipsae
768 2253 866 2305 autem
892 2247 1038 2305 orationes
1063 2247 1276 2306 diversissimae

144 2349 209 2402 sunt
239 2350 270 2401 et
301 2344 396 2402 verbis
428 2349 457 2401 et
489 2344 678 2416 argumentis:
711 2341 904 2402 Callimachus
935 2360 987 2416 pro
1021 2361 1099 2402 more
1121 2361 1171 2402 suo
1192 2345 1277 2416 plura

144 2447 293 2498 enumerat
314 2438 360 2514 (οὔ
383 2437 501 2517 Κερχνίς
522 2443 581 2499 κτλ,
604 2440 660 2497 171
684 2438 773 2513 sqq.);
796 2440 872 2512 apud
886 2438 1073 2498 Theocritum
1094 2441 1190 2499 omnia
1211 2441 1276 2498 bre-

144 2538 223 2595 viora
254 2543 322 2594 sunt
348 2543 378 2594 et
409 2537 591 2607 simpliciora.
633 2536 747 2593 Deinde
767 2535 858 2594 Delus
890 2537 984 2594 insula
1016 2539 1106 2594 solum
1137 2538 1272 2609 gaudium

145 2633 277 2702 ostendit,
300 2633 385 2702 quod,
407 2634 535 2703 quamvis
549 2633 589 2690 eit
602 2631 759 2708 δυσήροτος,
781 2639 878 2691 tamen
893 2634 951 2690 iarn
966 2650 1001 2690 ex
1017 2634 1153 2706 Apolline
1169 2651 1273 2692 nomen

144 2729 251 2787 clarum
272 2736 394 2802 captura
408 2729 458 2796 sit;
480 2733 511 2786 at
526 2727 583 2787 Oos
604 2745 661 2787 non
681 2730 773 2787 solnm
795 2730 830 2787 de
852 2747 903 2787 suo
924 2731 1013 2802 ipsius
1028 2731 1134 2789 honore
1154 2733 1272 2803 cogitat,

144 2826 190 2883 sed
211 2827 299 2885 etiam
313 2828 388 2883 votis
401 2841 523 2897 puerum
543 2825 733 2897 prosequitur.
763 2825 936 2883 Theocritus
957 2827 1047 2898 igitur
1060 2844 1127 2884 num
1149 2845 1167 2885 a
1186 2827 1273 2885 Calli·

144 2925 241 2982 mecho
264 2924 366 2981 didicit
385 2923 509 2981 insulam
523 2923 621 2980 facere
635 2923 822 2994 loquentemo
850 2922 894 2981 At
916 2939 1009 2981 nonne
1023 2924 1099 2982 idem
1114 2926 1274 2997 exemplum

143 3022 281 3088 praebere
302 3021 329 3077 ei
350 3021 446 3093 potuit
459 3022 583 3093 hymnus
603 3021 773 3087 homericus,
796 3021 954 3092 quitantur
973 3021 1092 3093 primus,
1114 3023 1144 3079 in
1164 3038 1220 3093 quo
1243 3027 1274 3079 et

141 3114 200 3187 ipso
228 3116 316 3174 verba
336 3116 411 3174 Delo
437 3117 604 3174 tribuuntur
624 3116 675 3189 (61
699 3116 797 3191 sqq.)⁶?
838 3115 1032 3175 Callimachus
1053 3122 1132 3175 certe
1161 3118 1273 3176 videtur

142 3212 210 3270 mihi
231 3229 296 3268 eum
317 3217 385 3270 ante
407 3212 504 3270 oculos
518 3212 667 3283 habuisse3
689 3229 755 3270 nam
770 3229 843 3282 quae
862 3213 905 3270 ibi
924 3212 1059 3285 leguntur
1072 3215 1165 3291 χρυσῷ
1176 3212 1197 3270 δ’
1220 3211 1272 3290 ἄρα

139 3305 231 3384 Δῆλος
259 3307 352 3365 ἅπασα
382 3306 478 3385 ἤνβησ’
505 3308 543 3372 ὡς
564 3307 610 3366 ὅτε
631 3330 657 3366 τι
677 3307 732 3385 βίον
754 3305 849 3384 οὔρεος
870 3306 977 3367 ἄνθεσιν
998 3307 1064 3384 ὕλης
1095 3310 1177 3385 (135.
1201 3312 1271 3375 139;

140 3418 240 3462 uersus
261 3406 429 3478 interpositi
449 3405 541 3477 spurii
562 3404 726 3479 videntur),
756 3422 791 3463 ea
813 3405 1000 3479 amplificavit
1021 3407 1075 3464 sio:
1107 3406 1210 3484 χρύσεοί
1231 3429 1272 3465 τοι

135 3499 199 3558 τότε
221 3500 309 3559 πάντα
331 3501 456 3577 θεμειλια
469 3500 571 3575 γείνετο
586 3500 670 3578 Δῆλε,
692 3503 787 3580 χρυσῷ
809 3501 838 3559 δὲ
852 3501 1004 3580 τροχόεσσα
1024 3501 1180 3579 πανήμερος
1195 3504 1272 3579 ἔρρεε

135 3605 340 3617 ——n-w—

210 3651 232 3715 ¹)
252 3649 322 3705 Gnm
342 3652 482 3705 structura
501 3648 570 3720 ὄλβιε
590 3653 664 3718 κοῦρε
684 3650 764 3722 γένοιο
778 3652 892 3719 praetor
903 3649 1000 3720 Eurip.
1013 3649 1114 3704 Troad.
1136 3652 1201 3704 1221
1223 3649 1271 3703 ali-

136 3752 192 3808 quo
211 3736 294 3791 modo
323 3736 442 3792 conferri
460 3739 554 3806 potest
570 3737 788 3808 Aristophanes,
818 3737 866 3809 qui
889 3738 920 3791 in
937 3737 1045 3792 Avibus
1068 3736 1184 3791 chorum
1205 3735 1272 3792 facit

136 3824 178 3879 aio
190 3823 396 3880 Pisthetaerum
414 3824 614 3896 appellantem:
634 3822 771 3896 ὧφίλτατ’
790 3816 847 3898 ἐμοὶ
864 3821 928 3878 πολὺ
942 3823 1090 3895 πρεσβυτῶν
1105 3823 1132 3891 ἐξ
1151 3817 1271 3895 ἐχθίστου

138 3904 299 3981 μεταπίπτων
319 3913 383 3980 (617
400 3911 502 3979 Kock.;
521 3912 555 3967 of.
574 3913 778 3968 Wuestemann.
797 3929 823 3982 p.
838 3914 890 3967 268
909 3912 945 3967 ad
965 3928 1003 3967 vs.
1017 3914 1073 3980 66).
1107 3911 1186 3967 Idem
1204 3912 1272 3968 dicit

137 3992 233 4050 Θασίαν
254 4028 288 4038 -
307 3999 487 4072 λιπαράμπυκα
505 3999 715 4069 (1111111671)
734 3999 864 4055 similiter
882 4002 914 4054 ut
927 3999 1091 4055 Theocritus
1111 3997 1192 4052 Δᾶλον
1212 4016 1270 4052 κυα-

138 4085 252 4156 νάμπυκα
271 4087 300 4141 et
317 4084 455 4141 Pindarus
473 4085 635 4160 κυανᾶμτυκα
655 4085 739 4159 Θήβαν
758 4086 821 4157 (fug.
841 4089 857 4143 5
875 4086 1017 4157 Boeckh.).
1036 4118 1070 4127 —
