2820 4688
587 409 806 470 ..51-

214 597 374 655 Brinherus
388 597 463 653 enim
479 595 521 669 (p.
538 597 574 653 65
590 594 646 669 sq.)
661 600 763 654 contra
777 599 865 664 atque
879 610 932 666 ego
947 593 1077 652 iudicans
1091 593 1262 667 suspicatur,

138 692 214 764 quod
246 691 439 750 Callimachus
471 691 620 762 scripserit
651 691 777 763 epyhion
803 687 945 766 Ἑκάλην,
983 691 1167 748 Theocritum
1205 690 1266 747 eius

136 791 266 861 exemplo
299 788 456 847 cxcitatum
486 790 580 860 ipsum
611 804 723 860 quoque
754 787 935 846 descendisse
966 788 1003 846 ad
1030 787 1158 860 epyllion
1189 801 1267 843 com-

137 885 309 957 ponendum.
353 886 432 957 erae
459 886 553 959 opinio
578 891 675 942 utrum
696 884 883 942 veracitas
909 884 996 954 falsa,
1023 884 1186 956 disceptare
1210 899 1269 940 non

137 983 243 1053 ausim,
275 987 353 1040 certe
385 998 441 1040 non
472 983 643 1053 probabitur
673 997 707 1038 eo
734 980 831 1052 modo,
863 996 918 1051 quo
950 980 1072 1053 probare
1098 981 1145 1039 vir
1168 979 1268 1037 doctus

136 1082 256 1136 conatus
277 1084 335 1145 est;
363 1079 425 1150 qui,
447 1084 479 1136 ut
500 1079 559 1136 alia
580 1078 720 1149 omittam,
743 1094 807 1134 cum
827 1077 926 1135 verbis
948 1077 1096 1135 Theocriti
1117 1076 1189 1151 (278
1211 1076 1268 1151 sq.)

137 1172 183 1233 καὶ
204 1173 368 1251 ἀμφεθέμην
390 1174 528 1250 μελέεσσιν
543 1173 624 1249 ἕρκος
645 1173 768 1232 ἐνυαλίου
783 1172 962 1252 ταμεσίχροος
983 1172 1099 1252 ἰωχμοῖο
1121 1180 1271 1245 comparat

136 1271 330 1342 fragmentum
353 1271 576 1330 Callimacheum
597 1272 696 1346 (142):
724 1271 755 1328 τὸ
776 1270 807 1327 δὲ
827 1268 925 1334 cadiae
947 1270 1002 1344 (sic
1024 1270 1172 1344 Schneid.)
1194 1268 1270 1346 ἀνδρὶ

138 1366 278 1444 καλύπτρη
299 1367 467 1442 γιγνόμενον,
490 1371 599 1445 νιφετοῦ
611 1368 656 1427 καὶ
677 1367 778 1444 βελέων
793 1369 895 1444 epona:
916 1367 990 1425 unde
1011 1367 1084 1424 nihil
1098 1367 1271 1424 concluden-

139 1465 205 1522 dum
227 1471 279 1536 est,
303 1465 436 1536 quoniam
456 1469 489 1523 ut
510 1466 599 1524 verba
619 1466 733 1523 diversa
754 1469 828 1536 sunt,
849 1465 961 1522 iteres
982 1464 1013 1520 iu
1035 1463 1164 1522 eiusdem
1185 1478 1270 1534 argu-

139 1561 228 1618 menti
249 1560 442 1635 descriptione
462 1561 562 1619 eadem
583 1577 645 1619 esse
659 1566 784 1632 poterat,
805 1561 831 1618 si
852 1560 966 1631 quidem
997 1559 1157 1617 Herculem
1178 1560 1270 1617 leonis

140 1657 215 1729 pelle
236 1658 372 1716 vestitum
393 1658 550 1716 innotuisse
571 1662 691 1716 constat.

219 1754 298 1812 Idem
328 1753 490 1813 Brinkcrus
522 1756 560 1830 (p.
590 1757 607 1814 9
639 1756 703 1813 adn.
732 1739 768 1830 l),
796 1759 895 1813 censet
931 1755 1010 1823 „sine
1041 1754 1145 1811 dubio“
1181 1752 1271 1810 ealli-

140 1852 288 1909 maeheum
317 1867 432 1909 versum
464 1849 602 1908 Μουσάων
634 1849 739 1928 ὄρνιθες
770 1850 922 1908 ἀοιδὸτατοι
951 1853 1091 1926 πετεηνῶν
1123 1850 1167 1926 (4,
1200 1848 1272 1924 252)

143 1948 329 2006 Theocritum
348 1948 491 2006 imitatum
513 1965 590 2016 esse,
618 1965 681 2006 cum
704 1951 730 2019 7,
752 1949 790 2006 47
813 1948 953 2005 scriberet
974 1946 1018 2005 καλ
1039 1944 1144 2005 Μοισᾶν
1166 1944 1273 2024 ὅρνιχες

144 2049 173 2101 et
197 2046 241 2116 12,
265 2045 282 2101 7
304 2043 449 2121 ἀοιδοτάτη
465 2047 616 2120 πετεηνῶν.
639 2042 683 2101 At
697 2045 745 2114 qui
758 2044 813 2101 hoc
828 2043 910 2101 modo
924 2043 1100 2102 imitationes
1119 2047 1269 2112 venantur,

144 2158 243 2215 parum
258 2140 393 2201 videntur
407 2141 543 2214 cogitare,
559 2140 673 2212 qualem
687 2140 873 2197 Theocritum
884 2140 1004 2213 fingant,
1019 2155 1104 2211 quam
1117 2154 1273 2212 pauperem

143 2239 271 2311 ingenio,
304 2255 390 2309 quam
421 2239 468 2296 vel
494 2239 591 2309 aliqua
615 2237 702 2295 laude
728 2243 828 2295 nostra
848 2237 1010 2309 indignum,
1042 2237 1123 2293 illam
1148 2241 1272 2307 poetam,

145 2351 228 2405 quem
247 2335 464 2406 incomparabili
479 2334 562 2392 modo
577 2333 720 2392 Goethius
734 2334 913 2406 praedicavit
937 2334 1008 2402 „den
1022 2333 1146 2391 Blnmen
1161 2333 1276 2404 singen·

145 2431 212 2498 den,
239 2432 341 2502 Honig
361 2430 518 2497 lallcnden,
546 2430 706 2488 freundlich
728 2430 895 2488 uinhenden
916 2431 1085 2487 Theohrit“.
1114 2428 1205 2488 Velut
1229 2429 1276 2485 hic

145 2531 253 2584 temere
274 2533 362 2599 poeta
376 2527 511 2597 arguitur
526 2544 561 2584 ex
575 2544 631 2584 uno
653 2544 737 2586 versu
753 2527 948 2585 Callimacheo
963 2527 1035 2585 duos
1049 2526 1151 2584 fecisse
1164 2542 1277 2599 pannos

145 2640 250 2695 eosque
270 2624 341 2681 locis
363 2624 448 2695 plane
463 2623 584 2681 diversis
605 2625 737 2681 assuisse.
767 2624 841 2681 Nam
863 2624 939 2696 apud
953 2623 1164 2682 Callimachum
1184 2623 1276 2681 verba
1340 2659 1343 2664 -

146 2721 181 2778 de
202 2721 299 2793 cycnis
320 2725 419 2777 natum
434 2721 577 2791 Apollinis
592 2721 772 2778 cantantibus
794 2721 873 2778 dicta
893 2726 973 2792 sunt3
995 2719 1072 2792 apud
1087 2720 1272 2778 Theocritum

147 2833 215 2875 vcro
238 2815 340 2874 Μοισᾶν
367 2815 474 2895 ὅρνιχες
505 2834 561 2875 non
594 2818 676 2890 cycni
708 2834 800 2889 neque
831 2817 983 2889 lusciniae,
1015 2821 1048 2874 ut
1079 2817 1153 2875 falso
1184 2817 1278 2875 voluit

148 2912 339 2972 Schneiderus
360 2914 403 2988 (p.
426 2915 508 2987 315),
530 2915 581 2972 sed
602 2920 721 2987 propter
741 2914 912 2972 vocabulum
933 2911 1141 2988 accadiorccc')
1163 2913 1277 2971 intelle·

147 3016 251 3082 guntur
277 3027 340 3067 cum
372 3014 537 3083 contemptu
563 3010 687 3081 quodam
713 3021 744 3068 et
769 3010 901 3068 irrisione
922 3010 1070 3068 Musarum
1096 3010 1165 3082 galli
1191 3010 1278 3080 galli-

147 3108 243 3174 nacei,
270 3107 319 3178 qui
340 3106 477 3166 adversus
497 3106 657 3164 Homerum
683 3104 861 3171 κοκκύζοντες
887 3105 985 3164 ἐτώσια
1007 3104 1173 3184 μοχθίζοντι.
1220 3105 1279 3163 Gur

147 3203 237 3275 igitur
258 3204 347 3261 verba
368 3200 471 3260 Μοισᾶν
493 3201 600 3281 ὅρνιχες
620 3219 678 3261 non
697 3220 749 3261 suo
771 3203 885 3276 ingenio
908 3203 1012 3261 debere
1032 3207 1149 3276 poterat
1168 3203 1207 3271 is,
1230 3203 1280 3273 qui

148 3303 294 3370 tamquam
321 3299 508 3372 oppositionis
536 3316 622 3357 causa
646 3300 732 3371 paulo
753 3305 821 3357 ante
843 3300 896 3375 (us.
919 3299 971 3373 37)
996 3299 1154 3371 scripserat
1176 3296 1280 3356 Μοισᾶν

149 3394 269 3474 καπυρὸν
305 3394 413 3468 creperi
464 3394 568 3454 Verbis
600 3401 695 3454 autem
726 3394 873 3471 ἀοιδοτάτη
905 3398 1044 3470 πετεηνῶν
1076 3396 1199 3454 luscinia
1228 3412 1279 3453 ne-

150 3491 275 3550 minatur
305 3508 391 3551 sensu
421 3492 538 3565 proprio
570 3497 600 3549 et
630 3509 784 3564 prorsuse
810 3509 904 3560 more3
936 3508 1002 3549 nam
1022 3490 1178 3565 Euripides
1211 3491 1282 3550 dicit

151 3641 307 3710 caprarium
330 3639 419 3711 idyllii
437 3640 478 3695 Ill
502 3644 530 3695 et
547 3641 662 3696 Battum
684 3641 721 3696 id.
740 3639 776 3695 IV
802 3640 1021 3710 intellegendum
1044 3656 1106 3695 esse
1125 3639 1282 3708 Battiaden,

151 3727 177 3783 h.
196 3744 218 3782 e.
240 3727 448 3784 Callimachum.
468 3760 501 3768 -

223 3817 243 3886 ¹)
262 3813 390 3875 κοκκύζειν
415 3817 529 3887 propria
550 3833 604 3870 vox
627 3818 670 3871 est
698 3816 731 3871 de
752 3816 890 3886 gallorum
913 3819 1010 3884 caniu3
1035 3814 1113 3871 velut
1130 3814 1282 3884 Sophocles

151 3901 263 3958 dixerat
279 3901 415 3974 κοκκυβὸας
435 3902 502 3975 ὅρνις
521 3903 585 3973 (ing.
605 3906 657 3958 718
675 3902 808 3974 Nauck);
837 3903 870 3959 ef.
891 3902 996 3958 Oratim.
1015 3902 1066 3973 frg.
1087 3905 1137 3958 311
1157 3902 1281 3972 (Koch.):

152 3990 280 4049 κοκκύζειν
309 3989 352 4042 τὸν
380 3989 525 4062 ἀλεκτρυόν’
551 3990 593 4045 οὐκ
613 3989 756 4062 crepon-rog
786 3991 857 4047 Plat.
877 4007 946 4047 cem.
975 3989 1028 4060 ing.
1057 3992 1121 4059 2093
1151 3993 1203 4046 ete.
1241 3988 1282 4045 Cf.

152 4079 236 4133 etiam
255 4077 286 4133 V.
299 4077 389 4132 Hehn.
409 4077 657 4149 „Kulturpilanzen
676 4096 703 4134 u.
723 4079 944 4148 Hausthiere‘e,
963 4096 990 4149 p.
1010 4081 1070 4134 523.
1092 4107 1123 4116 -

1077 4167 1107 4217 40
