2820 4688
607 460 816 521 „21..

136 653 253 722 poetam
280 649 310 705 in
335 649 399 722 ipsa
419 646 556 721 Aegypto
589 664 691 706 versus
715 650 755 706 47
777 666 837 720 sqq.
860 650 973 708 iecisse.
1026 650 1084 710 Sed
1109 654 1142 706 ut
1163 656 1275 708 taceam

138 747 173 805 de
204 746 302 804 reditu
333 745 424 817 deque
456 746 518 803 eius
550 749 694 816 tempore,
730 751 899 818 argumento
930 747 982 805 illo
1014 747 1087 805 nihil
1121 747 1273 820 probatum

136 848 343 916 praeterquam
367 843 443 899 eninr
464 842 539 913 quod
553 841 642 899 verba
663 839 735 899 iacit
755 842 791 900 de
812 860 909 901 rerum
930 848 1009 901 statu
1029 859 1086 900 non
1106 849 1166 901 tarn
1187 860 1275 915 prae-

137 940 215 998 senti
235 956 321 1011 quam
348 938 507 1012 praeterito
529 936 586 1012 (οἷα
607 936 667 1013 πρὶν
689 936 741 1012 49)
763 954 883 1010 eumque
907 940 939 996 in
962 939 1111 997 meliorem
1132 943 1192 996 turn
1214 957 1276 996 mur

136 1041 232 1094 tatum
254 1053 317 1094 esse
338 1037 400 1108 regi
421 1051 549 1094 summae
570 1034 650 1092 laudi
671 1035 763 1093 vertit
782 1035 847 1110 (462
875 1033 965 1094 πολλά
985 1058 1035 1103 τοι,
1066 1034 1088 1092 ὦ
1111 1034 1273 1111 Πτολεμαῖε,

136 1132 281 1209 πεποίηται
308 1132 379 1192 καλὰ
406 1132 494 1208 ἔργα),
527 1148 584 1188 non
605 1133 760 1204 Aegyptiis
791 1133 843 1191 sed
869 1132 992 1192 Graecis
1012 1133 1275 1204 Macedonibusque

136 1231 266 1290 carmina
287 1247 340 1288 sua
360 1228 535 1287 Theocritus
556 1228 680 1300 scripsit.

219 1326 354 1384 Statuere
375 1326 466 1397 igitur
487 1329 607 1383 conatus
633 1340 695 1382 sum
719 1341 833 1382 carmen
854 1326 927 1383 XVI
954 1327 1142 1398 compositum
1164 1343 1226 1384 esse
1247 1344 1273 1384 a.

137 1424 312 1490 274-2703
346 1440 369 1481 c.
396 1422 482 1480 XVII
512 1426 577 1494 post
603 1438 629 1480 a.
656 1422 722 1493 270,
756 1427 823 1478 ante
849 1439 875 1479 a.
899 1423 971 1488 266ς
1003 1424 1089 1495 paulo
1121 1427 1188 1480 ante
1219 1423 1274 1481 hoc

136 1521 277 1594 seriptum
299 1537 362 1578 esse
383 1536 407 1577 c.
430 1517 511 1588 XIV,
534 1519 620 1590 paulo
642 1523 743 1591 postea
764 1535 788 1577 c.
810 1517 876 1578 XV.
899 1552 937 1561 —

688 2043 725 2109 ll.

242 2199 469 2271 Theocritus
493 2219 582 2270 num
607 2199 878 2270 Callimachum
903 2199 1076 2269 imitatus
1100 2200 1162 2270 sit.

219 2378 407 2436 Theocritum
441 2393 560 2450 poeseos
602 2377 748 2435 bucolicae
788 2377 909 2449 primurn
947 2378 1091 2436 exstitisse
1126 2384 1274 2437 auctorem

138 2491 258 2547 eamque
279 2474 444 2532 admirabili
464 2478 528 2532 arte
550 2475 672 2532 coluisse
686 2478 785 2532 notum
807 2478 861 2533 est.
902 2472 938 2531 In
960 2474 1014 2531 hoc
1035 2491 1143 2546 genere
1164 2476 1275 2547 ingenii

137 2573 199 2630 eius
229 2571 274 2628 vis
300 2572 418 2644 propria
444 2577 474 2629 et
506 2571 605 2628 nativa
632 2570 771 2638 innotuit,
803 2570 870 2628 inde
896 2577 930 2628 ut
961 2569 1105 2639 efflueret,
1138 2572 1274 2644 quidquid

136 2669 232 2727 laudis
263 2669 393 2740 poeticae
425 2668 579 2726 contraxit.
626 2667 757 2725 Eundem
789 2672 887 2725 tamen
918 2669 1167 2739 obtemperantem
1199 2672 1273 2728 mori

136 2770 269 2824 veterum
299 2781 390 2838 prope
415 2765 558 2823 communi
582 2781 638 2822 non
664 2764 768 2836 puduit
792 2765 932 2821 nonnulla
960 2765 1065 2822 debere
1092 2766 1157 2823 aliis
1176 2768 1272 2837 poetis

136 2862 355 2921 vetustioribus:
388 2862 467 2919 velut
493 2862 555 2933 ipse
577 2876 688 2932 qnoque
713 2859 844 2931 vestigiis
871 2861 1028 2917 carminum
1061 2861 1271 2919 homericorum

136 2960 285 3033 ingressus
310 2964 368 3028 est,
401 2958 503 3029 quibus
528 2958 634 3016 nullius
659 2955 837 3015 Graecorum
867 2961 972 3028 poetae
1004 2957 1115 3015 animus
1146 2959 1272 3017 intactus

138 3072 202 3114 esse
223 3055 375 3130 poterat).
412 3053 511 3125 Atque
532 3055 685 3111 multorum
706 3053 789 3111 libris
809 3054 951 3112 lectitatis
973 3060 1004 3112 et
1017 3056 1132 3126 penitus
1147 3055 1271 3127 cognitis

137 3152 214 3225 quod
235 3152 368 3211 doctrina
399 3152 496 3223 aliqua
520 3150 644 3210 fortasse
672 3167 727 3208 non
749 3151 857 3222 exigua
887 3151 1045 3210 instructus
1073 3152 1103 3208 in
1135 3153 1273 3210 memoria

137 3251 313 3321 asservabat,
330 3265 402 3320 quae
417 3248 520 3307 deinde
535 3249 594 3307 suis
605 3249 701 3306 verbis
714 3248 856 3305 similibus
866 3264 1077 3319 nonnumquam
1092 3250 1273 3321 exprimebat

135 3345 243 3404 invitus
265 3361 358 3416 neque
378 3345 549 3403 imitationis
570 3345 746 3403 conscientia
767 3344 883 3412 ductus,
916 3361 969 3402 nos
991 3361 1083 3415 neque
1104 3346 1273 3403 mirabimur

137 3457 230 3512 neque
263 3441 339 3500 iusto
375 3442 472 3500 acrius
506 3441 762 3515 reprehendemur,
797 3441 972 3514 praesertim
1006 3457 1069 3498 cnm
1100 3440 1273 3500 Theocritus

137 3554 264 3610 quoque,
297 3539 427 3610 quamvis
448 3554 553 3611 magna
573 3539 649 3596 inter
675 3539 811 3610 aequales
831 3537 1015 3609 praestantia
1041 3538 1143 3605 fuerit,
1176 3543 1273 3596 tamen

136 3635 168 3691 in
187 3632 397 3694 Alexandrinis
428 3635 479 3706 qni
499 3640 639 3693 vocantur
669 3635 765 3708 poetis
795 3638 875 3693 recte
901 3640 1084 3705 numeretur,
1116 3635 1159 3692 ita
1185 3641 1273 3694 utne

136 3731 269 3790 bucolica
300 3732 414 3803 quidem
446 3732 508 3791 eius
534 3732 628 3806 poesis
659 3733 808 3806 popularis
839 3732 892 3803 sit,
923 3732 975 3790 sed
1007 3736 1071 3790 arte
1104 3731 1217 3788 demum
1243 3737 1274 3790 et

208 3966 230 4034 ¹)
251 3963 287 4021 ot
312 3963 452 4034 Stanger.:
483 3964 603 4032 ,Homer
625 3965 664 4018 im
688 3963 845 4034 Theocrit“,
873 3964 958 4022 Bistt.
981 3964 999 4021 f.
1023 3964 1049 4020 d.
1076 3966 1170 4035 haycr.
1189 3964 1272 4036 Gym—

136 4052 405 4108 nasialschulwesen
422 4052 474 4123 111,
495 4056 573 4124 1867,
585 4070 612 4123 p.
633 4055 682 4108 201
697 4068 773 4125 sqq.;
793 4051 889 4107 Foth:
909 4053 961 4121 „de
980 4053 1032 4108 Th.
1052 4054 1152 4109 studiis
1165 4053 1272 4122 Hom.“,

70 4150 74 4157 '
136 4139 203 4198 diss.
221 4142 284 4198 Hal.
306 4144 383 4198 1876.
402 4172 436 4183 -
