2820 4688
588 373 809 436 -10..

135 564 248 636 quando
274 562 386 638 Cyprus
415 561 554 622 deiecerit
573 569 604 621 et
629 580 697 621 num
727 562 841 621 omnino
866 562 903 621 ad
928 560 1117 621 defectionem
1141 576 1174 618 re
1194 576 1266 620 vera

137 661 259 720 deducta
279 661 330 732 sit,
362 661 447 733 plane
473 661 627 726 nescimus
658 660 790 719 attendas
814 660 910 733 potius
936 660 968 718 in
986 659 1149 718 Pausaniae
1168 659 1266 717 verbis

137 756 276 835 Κυπρίους
296 756 440 834 ἀφιστάντα
461 756 623 833 αἰσθόμενος
643 762 673 816 et
693 757 854 830 praesentis
868 757 1008 830 temporis
1028 755 1215 828 participium
1231 760 1266 814 et

135 872 234 916 vocem
255 853 424 931 αἰσθόμενος.

215 953 302 1011 Nulla
322 952 410 1026 igitur
424 969 511 1011 causa
531 953 624 1011 adhuc
643 953 796 1026 probatum
809 956 856 1011 est
875 951 1002 1009 natalem
1022 948 1156 1008 carminis
1170 947 1267 1007 XVII

137 1049 270 1120 subsequi
289 1065 395 1107 annum
416 1050 483 1108 276.
524 1049 669 1107 Ponamus
688 1054 787 1107 tamen
806 1050 921 1122 nuptias
942 1064 984 1106 ca.
1004 1064 1030 1106 a.
1047 1047 1104 1106 276
1126 1045 1215 1104 trisse
1236 1050 1267 1103 et

138 1147 236 1204 statim
256 1151 323 1218 post
344 1145 501 1204 encomium
526 1145 717 1218 compositum¹
734 1162 809 1217 esse,
836 1162 862 1203 a.
885 1145 942 1203 275
964 1145 1011 1202 vel
1033 1145 1090 1201 274
1111 1143 1159 1200 vel
1179 1143 1266 1214 paulo

138 1242 226 1300 etiam
250 1241 399 1314 posterius.
441 1241 504 1300 Iam
525 1258 589 1300 cum
608 1258 697 1315 supra
717 1242 868 1300 statuerim
889 1257 1003 1300 carmen
1024 1241 1096 1299 XVI
1116 1239 1267 1297 interiit

138 1343 169 1396 et
189 1339 247 1397 270
268 1337 406 1410 scriptum
426 1355 496 1404 esse,
518 1339 655 1409 sequitur,
677 1343 710 1397 ut
730 1356 754 1397 c.
775 1339 866 1397 XVII
885 1339 1077 1412 praecesserit
1097 1337 1191 1396 alteri.
1224 1336 1264 1394 Iit

140 1436 318 1494 arbitrantur
337 1436 469 1493 heccum
483 1435 543 1506 alii,
564 1437 643 1493 velut
656 1434 898 1495 Wuestemannns
919 1435 958 1511 (p.
976 1435 1034 1494 259
1049 1432 1114 1509 sq),
1136 1432 1266 1492 111161-

143 1531 250 1606 mins),
277 1530 310 1590 O.
331 1529 524 1607 Brinlrerus²),
555 1537 616 1590 tum
637 1515 825 1603 6111661616,
848 1533 895 1604 qui
914 1549 1003 1604 usqne
1024 1532 1061 1590 ad
1082 1547 1186 1590 annum
1207 1531 1265 1589 276

140 1629 375 1704 progrediuntur,
397 1633 431 1688 ut
451 1630 598 1703 Koeppins
619 1635 650 1688 et
669 1630 870 1700 Buechelerus,
892 1647 955 1689 cnm
976 1631 1006 1688 in
1028 1628 1267 1688 commentatione

141 1715 193 1785 su'a
218 1727 366 1798 praeclara
391 1726 474 1784 dicit:
509 1727 637 1797 ,Gratiis
667 1743 737 1798 quas
762 1725 876 1786 firmata
901 1731 997 1786 aetate
1022 1744 1057 1785 ac
1081 1726 1160 1783 fama
1179 1731 1268 1796 poeta

142 1824 302 1896 composuit
324 1824 468 1894 posterius
493 1824 571 1882 inter
595 1824 769 1883 Theocritea
794 1841 909 1884 carmen
934 1824 1124 1883 demonstrari
1148 1822 1264 1893 nequir

143 1919 186 1994 (p.
208 1919 269 1994 55).
292 1951 329 1962 -
349 1919 386 1977 In
405 1920 481 1978 hanc
500 1921 591 1992 igitur
611 1922 783 1979 sententiam
803 1936 878 1980 nunc
898 1922 1081 1992 inquiramus.

220 2016 361 2075 Carminis
381 2016 457 2076 XVI
476 2034 517 2077 vs.
543 2020 579 2076 13
600 2033 661 2089 sqq.
688 2020 818 2090 queritur
847 2023 933 2092 poeta
963 2019 1048 2076 haec:
1080 2016 1118 2079 τίς
1142 2018 1197 2073 τῶν
1223 2015 1268 2071 νῦν

141 2112 259 2178 τοιόσδε;
280 2111 328 2176 τίς
349 2111 382 2171 εὖ
404 2113 538 2172 εἰπόντα
559 2115 704 2192 φιλήσεις
727 2114 850 2175 οὐκοῖδ’.
866 2113 961 2192 οὐγὰρ
976 2113 1010 2173 ’ἐτ’
1032 2112 1126 2190 ἄνδρες
1140 2111 1188 2170 ἐπ’
1211 2114 1270 2189 ’έρμ

143 2232 240 2286 μασιν
261 2210 299 2273 ὡς
316 2208 403 2288 πόρος
424 2210 556 2275 ἐσθλοῖς
577 2210 741 2270 αἰνεῖσθαι
761 2210 950 2278 σπεύδοντα
973 2214 1151 2270 conferamus
1169 2212 1214 2276 17,
1236 2211 1268 2265 4:

143 2306 227 2383 ὁγὰρ
258 2307 532 2384 προφερέστατος
562 2307 682 2386 ἀνδρῶνς
715 2311 731 2367 7
764 2327 819 2382 sq.:
852 2308 936 2386 αὐτὰρ
970 2309 1024 2384 ἐγὼ
1056 2308 1268 2382 Πτολεμαῖον

143 2403 318 2480 ἐπιστάμενος
336 2403 409 2479 καλὰ
430 2403 511 2462 εἰπεῖν
532 2403 687 2481 ὑμνήσαιμ’;
716 2408 750 2463 11
774 2422 828 2477 sq:
854 2406 1006 2482 τίπρῶτον
1027 2403 1179 2474 καταλέξω
1213 2402 1270 2461 ἐπεὶ

142 2505 216 2579 πάρα
230 2499 312 2579 μυρία
327 2499 417 2571 εἰπεῖν,
439 2500 489 2559 οἷσι
502 2499 563 2559 θεοὶ
582 2501 636 2560 τὸν
658 2500 792 2580 ἄριστον
813 2502 941 2578 ἐτίμησαν
962 2501 1127 2578 βασιλήων
1149 2499 1198 2575 (of.
1223 2503 1267 2566 14,

144 2601 179 2657 61
202 2616 244 2671 sq.
268 2600 314 2668 15,
335 2599 374 2656 46
395 2598 460 2672 sq.).
483 2628 520 2640 —
542 2597 634 2670 Quid?
675 2600 785 2660 Eratne
804 2599 894 2658 falsus
912 2599 1082 2658 Theocritus
1102 2597 1271 2671 praedicans

143 2697 340 2755 Ptolemaeum
360 2695 406 2753 τὸν
429 2692 556 2771 &puerove
577 2729 614 2738 —
634 2695 708 2754 Tum
731 2700 777 2765 16,
800 2697 837 2755 22
858 2714 899 2768 sq.
922 2697 957 2754 de
978 2697 1086 2754 divitiis
1106 2695 1272 2767 ingentibus

144 2793 297 2851 cumulatis
316 2793 399 2852 dicit:
422 2791 561 2868 δαιμόνιοι,
582 2792 609 2851 τί
628 2793 658 2851 δὲ
678 2793 775 2872 κέρδος
795 2794 810 2852 ὁ
832 2791 926 2871 μυρίος
947 2792 1037 2851 ένθοδι
1056 2792 1156 2870 χρυσὸς
1177 2790 1272 2867 κείμε-

145 2910 202 2954 νος;
235 2887 288 2967 οὐχ
313 2889 366 2948 οἵδε4
386 2889 504 2950 πλούτου
530 2890 687 2968 φρονέουσιν
713 2891 810 2956 ὄνασις.
852 2892 1023 2963 Quibuscum
1052 2889 1181 2949 conferas
1202 2891 1272 2946 haee

147 2987 192 3055 17,
217 2986 272 3043 116
294 3003 335 3058 sq.
357 2987 448 3045 diota:
472 2986 503 3045 οὔ
518 2987 571 3063 μὰν
592 2987 701 3067 ἀχρεῖός
719 3011 750 3064 γε
771 2988 848 3064 δόμῳ
863 2987 901 3046 ἐνὶ
914 2987 984 3046 πίονι
997 2986 1097 3065 χρυσὸς
1119 2984 1271 3062 μυρμοίκων

145 3081 192 3139 ἅτε
218 3083 334 3146 πλοῦτος
359 3082 401 3141 ἀεὶ
427 3082 539 3162 κέχυται
565 3085 728 3160 μογεόντων.
760 3119 799 3128 -
830 3085 893 3143 Iam
917 3086 948 3143 in
969 3101 992 3142 6.
1015 3082 1088 3142 XVI
1109 3085 1271 3155 exponitur,

144 3179 283 3249 quomodo
304 3180 407 3240 divites
428 3186 561 3254 oporteat
585 3184 740 3255 prudenter·
763 3183 808 3241 uti
828 3182 928 3255 opibus
948 3181 1021 3248 snis;
1052 3181 1176 3253 primum
1197 3180 1270 3238 alios

144 3276 289 3336 beneficiIs
309 3276 450 3336 afficiant:
476 3295 519 3338 vs.
542 3280 579 3337 25
599 3295 642 3350 sq.
662 3279 779 3343 πολλοὺς
799 3277 822 3337 δ’
844 3277 873 3337 τό
895 3277 967 3356 ἔρξαι
986 3280 1078 3348 ταῶν,
1105 3276 1222 3340 πολλοὺς
1245 3276 1273 3333 δὲ

145 3372 190 3431 καὶ
210 3371 301 3432 ἄλλων
321 3373 487 3452 ἀνθρώπους
519 3381 550 3434 et
569 3393 612 3436 VS.
638 3377 675 3434 27
697 3393 738 3447 sq.
760 3376 832 3452 μηδὲ
862 3374 1012 3442 ξεινοδόκον
1043 3373 1127 3433 κακὸν
1149 3375 1271 3448 ἔμμεναι,

146 3468 216 3528 ἀλλὰ
228 3470 346 3549 τραπέζῃ
365 3470 505 3547 μειλίξανθ
521 3471 687 3550 ἀποπέμψαι,
710 3471 777 3549 ἐπὴν
792 3472 921 3532 ἐθέλοντι
939 3471 1056 3531 νέεσθαι.
1097 3471 1157 3527 Has
1178 3474 1275 3526 autem

146 3566 268 3627 virtutes
289 3568 338 3626 vix
356 3570 414 3626 iam
435 3585 497 3627 esse
511 3570 640 3641 cuiquam
655 3571 819 3628 mortalium
840 3585 895 3641 quo
916 3569 979 3627 iure
994 3567 1166 3626 Theocritus
1189 3565 1272 3635 dixit,

104 3686 106 3688 ·
148 3665 173 3722 si
193 3665 306 3736 quidem
320 3669 406 3724 antea
421 3665 456 3724 de
469 3666 638 3725 Ptolemaeo
653 3683 702 3726 eas
715 3666 955 3740 praedicaverat?
995 3665 1071 3722 Nam
1088 3666 1133 3737 17,
1158 3666 1214 3722 110
1231 3679 1271 3734 sq.

147 3809 356 3819 —.-....—-—-

219 3888 239 3955 ¹)
260 3883 442 3954 „Geschichte
461 3883 588 3941 Siciliens
606 3883 644 3938 im
661 3882 837 3938 Alterthnm“
856 3881 883 3938 11
903 3883 964 3939 303.
978 3914 1011 3922 -

218 3973 239 4042 ²)
260 3972 317 4041 ,De
336 3971 387 4029 Th.
414 3972 472 4027 vita
493 3971 715 4040 carminibusque
739 3969 926 4040 subditiciis“,
954 3969 1021 4027 diss.
1039 3969 1173 4025 Rostoch.
1201 3972 1277 4037 1884,

146 4063 208 4132 16
227 4076 288 4132 em·
307 4091 340 4100 -
